%% This BibTeX bibliography file was created using BibDesk.
%% http://bibdesk.sourceforge.net/


%% Created for calhoun at 2021-09-29 16:19:00 -0600 


%% Saved with string encoding Unicode (UTF-8) 


@string{actnum = {Acta. Numer.}}

@string{advengsoft = {Adv. Eng. Softw.}}

@string{advwatres = {Adv. Water Resour.}}

@string{aeroscitech = {Aerosol Sci. Tech.}}

@string{aiaa = {American Institute of Aeronautics and Astronautics}}

@string{amcgraphics = {ACM T. Graphic}}

@string{amm = {Appl. Math. Model}}

@string{anm = {Appl. Numer. Math}}

@string{annrevfluid = {Annu. Rev. Fluid Mech.}}

@string{appcomp = {Appl. Math. Comput.}}

@string{arxiv = {arXiv}}

@string{astro = {Astrophys. J.}}

@string{astrosupp = {Astrophys. J. Suppl}}

@string{bit = {BIT}}

@string{caf = {Comput. Fluids}}

@string{camcos = {Comm. App. Math. and Comp. Sci.}}

@string{cea = {Commissariat l'Energie Atomique, Centre de Saclay, FRANCE}}

@string{cma = {Comput. Math. Appl.}}

@string{cmethappm = {Comput. Method Appl. M.}}

@string{coasteng = {Coast. Eng.}}

@string{combflame = {Combust. Flame}}

@string{comgeo = {Comput. Geosci.}}

@string{commacm = {Commun. ACM}}

@string{comnlsci = {Commun. Nonlinear Sci.}}

@string{compam = {J. Comput. Appl. Math.}}

@string{computing = {Computing}}

@string{computse = {Comput. Sci. Eng.}}

@string{cpam = {Comm. Pure Appl. Math.}}

@string{cpcomm = {Comput. Phys. Commun.}}

@string{cshelf = {Cont. Shelf Res.}}

@string{ctm = {Combust. Theor. Model}}

@string{envmodsoft = {Environ. Modell. Softw.}}

@string{est = {Enviro. Sci. Technol.}}

@string{eurjfluids = {Eur. J. Mech. B-Fluid.}}

@string{fsj = {Fire Safety J.}}

@string{gmd = {Geosci. Model Dev.}}

@string{ibm = {IBM J. Res. Dev.}}

@string{ieeejearth = {IEEE J. Sel. Top. Appl.}}

@string{ieeepardist = {IEEE T. Parall. Distr.}}

@string{ijcfd = {Int. J. Comput. Fluid D.}}

@string{ijhpc = {Int. J. High Perform. C.}}

@string{ijnme = {Int. J. Numer. Methods. Eng.}}

@string{ijnmf = {Int. J. Numer. Methods. Fluids}}

@string{ijwf = {Int. J. Wildland Fire}}

@string{jadvmodel = {J. Adv. Model. Earth Sy.}}

@string{jamc = {J. Appl. Meteorol. Clim.}}

@string{james = {J. Adv. Model. Earth Syst.}}

@string{jas = {J. of Atmos. Sci.}}

@string{jasa = {J. Acoust. Soc. Am.}}

@string{jatmosocean = {J. Atmos. Ocean Tech.}}

@string{jcompappm = {J. Comput. Appl. Math.}}

@string{jcp = {J. Comput. Phys.}}

@string{jfm = {J. Fluid Mech.}}

@string{jgr = {J. Geophys. Res.}}

@string{jgratmos = {J. Geophys. Res-Atmos.}}

@string{jgrearth = {J. Geophys. Res-Sol. Ea.}}

@string{jgrearthsurf = {J. Geophys. Res-Earth}}

@string{jgroceans = {J. Geophys. Res-Oceans}}

@string{jhydro = {J. Hydrol.}}

@string{jmathanaapp = {J. Math. Ana. Appl.}}

@string{jnnfm = {J. Non-Newton. Fluid.}}

@string{joss = {J. Open Source Software}}

@string{jpardiscom = {J. Parallel Distr. Com.}}

@string{jpcs = {J. Phys. Conf. Ser.}}

@string{jsc = {J. Sci. Comp.}}

@string{mathcomp = {definition}}

@string{mathcompsim = {Math. Comput. Simulat.}}

@string{mmsim = {Multicsale Model. Sim.}}

@string{mwr = {Mon. Wea. Rev.}}

@string{nathaz = {Nat. Hazard Earth Sys.}}

@string{nbs = {J. Res. Nat. Bur. Stand.}}

@string{newastro = {New Astro.}}

@string{nmpde = {Num. Meth. in Partial Diff. Eqns.}}

@string{nonlingeo = {Nonlinear Proc. Geoph.}}

@string{nucsci = {Nuc. Sci. Eng.}}

@string{numlinalg = {Numer. Linear Algebr.}}

@string{nummath = {Numer. Math.}}

@string{ocean = {Ocean Model.}}

@string{parcomp = {Parallel Comput.}}

@string{peerjcs = {Peer J Computer Science}}

@string{physrevd = {Phys. Rev. D}}

@string{physreve = {Phys. Rev. E}}

@string{pnas = {P. Natl. Acad. Sci. USA}}

@string{ptrs = {Philos. T. Roy. Soc. A}}

@string{pureapplgeo = {Pure Appl. Geophys.}}

@string{qjrms = {Q. J. Roy. Meteor. Soc.}}

@string{siap = {SIAM J. Appl. Math.}}

@string{siassc = {SIAM J. Sci. Statist. Comput.}}

@string{simaa = {SIAM J. Matrix Anal. A}}

@string{sinum = {SIAM J. Num. Anal.}}

@string{sirev = {SIAM Review}}

@string{sisc = {SIAM J. Sci. Comput.}}

@string{toms = {ACM T. Math. Software}}

@string{water = {Water}}

@string{wrr = {Water Resour. Res.}}


@article{bu-ku-we-da:2009,
	author = {Shintaro Bunya and Ethan J. Kubatko and Joannes J. Westerink and Clint Dawson},
	journal = cmethappm,
	number = {17},
	pages = {1548-1562},
	title = {{A wetting and drying treatment for the Runge--Kutta discontinuous Galerkin solution to the shallow water equations}},
	volume = {198},
	year = {2009}}

@article{pe-bo-ma:2011,
	author = {Marica Pelanti and Fran{\c c}ois Bouchut and Anne Mangeney},
	journal = jcp,
	number = {3},
	pages = {515-550},
	title = {{A Riemann solver for single-phase and two-phase shallow flow models based on relaxation. Relations with Roe and VFRoe solvers}},
	volume = {230},
	year = {2011}}

@techreport{cite-key}

@article{liu2021new,
	title={A New Method for Wet-Dry Front Treatment in Outburst Flood Simulation},
	author={Liu, Dingzhu and Tang, Jinbo and Wang, Hao and Cao, Yang and Bazai, Nazir Ahmed and Chen, Huayong and Liu, Daochuan},
	journal={Water},
	volume={13},
	number={2},
	pages={221},
	year={2021},
	publisher={Multidisciplinary Digital Publishing Institute}
}


@article{li-ta-wa-ca-ba-ch-li:2021,
	author = {Liu, Dingzhu and Tang, Jinbo and Wang, Hao and Cao, Yang and Bazai, Nazir Ahmed and Chen, Huayong and Liu, Daochuan},
	journal = water,
	number = {2},
	title = {{A New Method for Wet-Dry Front Treatment in Outburst Flood Simulation}},
	volume = {13},
	year = {2021}}

@article{po:2012,
	author = {Popinet, S.},
	journal = nathaz,
	number = {4},
	pages = {1213--1227},
	title = {{Adaptive modelling of long-distance wave propagation and fine-scale flooding during the Tohoku tsunami}},
	volume = {12},
	year = {2012}}

@techreport{cite-key}

@article{ba:ru:2020,
	author = {Badwaik, Jayesh and Ruf, Adrian M.},
	journal = sinum,
	number = {1},
	pages = {607-629},
	title = {{Convergence Rates of Monotone Schemes for Conservation Laws with Discontinuous Flux}},
	volume = {58},
	year = {2020}}

@article{ba:2020a,
	author = {Barba, Lorena A.},
	journal = computse,
	month = {Jul},
	number = {4},
	pages = {26--35},
	title = {{Engineers Code: Reusable Open Learning Modules for Engineering Computations}},
	volume = {22},
	year = {2020}}

@phdthesis{ya:2014-thesis,
	author = {Feng Wei Yang},
	school = {University of Leeds School of Computing},
	title = {{Multigrid solution methods for nonlinear time-dependent systems}},
	year = {2014}}

@article{ha-wh-la-po-po-wh:2021,
	author = {Hayward, M. W. and Whittaker, C. N. and Lane, E. M. and Power, W. and Popinet, S. and White, J. D. L.},
	journal = nathaz,
	pages = {1--27},
	title = {{Multilayer modelling of waves generated by explosive submarine volcanism}},
	year = {2021}}

@article{bo-tu-ke:2019,
	author = {Wajih Halim Boukaram and George Turkiyyah and David E. Keyes},
	journal = {arXiv:1902.01829},
	title = {{Hierarchical Matrix Operations on GPUs: Matrix-Vector Multiplication and Compression}},
	year = {2019}}

@article{mi-gu-bu-gi:2016,
	author = {Mohammad Mirzadeh and Arthur Guittet and Carsten Burstedde and Frederic Gibou},
	journal = jcp,
	pages = {345-364},
	title = {{Parallel level-set methods on adaptive tree-based grids}},
	volume = {322},
	year = {2016}}

@article{zo-ob:2021,
	author = {Hadi Zolfaghari and Dominik Obrist},
	journal = jcp,
	title = {{A high-throughput hybrid task and data parallel Poisson solver for large-scale simulations of incompressible turbulent flows on distributed GPUs}},
	year = {2021}}

@book{le:2007,
	address = {Philadelphia, PA, USA},
	author = {LeVeque, Randall J.},
	publisher = {Society for Industrial and Applied Mathematics},
	title = {Finite Difference Methods for Ordinary and Partial Differential Equations},
	year = {2007}}

@book{hi:2002,
	author = {Higham, Nicholas J.},
	edition = {Second},
	publisher = {Society for Industrial and Applied Mathematics},
	title = {Accuracy and Stability of Numerical Algorithms},
	year = {2002}}

@article{wa:2015,
	author = {Wathen, A. J.},
	journal = actnum,
	pages = {329--376},
	title = {{Preconditioning}},
	volume = {24},
	year = {2015}}

@article{he-ja:1998,
	author = {J.S. Hesthaven and L.M. Jameson},
	journal = jcp,
	number = {1},
	pages = {280-296},
	title = {{A Wavelet Optimized Adaptive Multi-domain Method}},
	volume = {145},
	year = {1998}}

@article{ja:2003,
	author = {Jameson, Leland},
	journal = jsc,
	number = {1},
	pages = {1--24},
	title = {{AMR vs High Order Schemes}},
	volume = {18},
	year = {2003}}

@article{ma-ik-sa-ta:2007,
	author = {Matsuyama, Masafumi and Ikeno, Masaaki and Sakakiyama, Tsutomu and Takeda, Tomoyoshi},
	journal = pureapplgeo,
	number = {2},
	pages = {617--631},
	title = {{A Study of Tsunami Wave Fission in an Undistorted Experiment}},
	volume = {164},
	year = {2007}}

@article{ta-du-ch-ra-we-ba:2019,
	author = {Maurizio Tavelli and Michael Dumbser and Dominic Etienne Charrier and Leonhard Rannabauer and Tobias Weinzierl and Michael Bader},
	journal = JCP,
	pages = {158 - 189},
	title = {{A simple diffuse interface approach on adaptive Cartesian grids for the linear elastic wave equations with complex topography}},
	volume = {386},
	year = {2019}}

@article{ka-ra:1998,
	author = {Karma, Alain and Rappel, Wouter-Jan},
	journal = physreve,
	month = {Apr},
	pages = {4323--4349},
	title = {{Quantitative phase-field modeling of dendritic growth in two and three dimensions}},
	volume = {57},
	year = {1998}}

@unpublished{vo-lectures:2000,
	author = {Henk A. van der Vorst},
	note = {Lecture Notes},
	title = {{Iterative Methods for Large Linear Systems}},
	year = {2000}}

@article{tr-we:2014,
	author = {Lloyd N. Trefethen and J. A. C. Weideman},
	journal = sirev,
	number = {3},
	pages = {385-458},
	title = {{The Exponentially Convergent Trapezoidal Rule}},
	volume = {56},
	year = {2014}}

@misc{thunderegg,
	author = {Scott Aiton},
	howpublished = {{\url{http://www.github.com/ThunderEgg}}},
	title = {{ThunderEgg : A parallel elliptic solver for adaptively refined quadtree/octree meshes}}}

@article{da-le:2016,
	author = {Davis, B. N. and LeVeque, R. J.},
	journal = {Pure and Applied Geophysics},
	number = {12},
	pages = {4055--4074},
	title = {{Adjoint Methods for Guiding Adaptive Mesh Refinement in Tsunami Modeling}},
	volume = {173},
	year = {2016}}

@article{ne-af-wi:2008,
	author = {Marian Nemec and Michael J. Aftosmis and Mathias Wintzer},
	journal = {46th AIAA Aerospace Sciences Meeting, Jan. 7--10, 2008, Reno, NV},
	title = {{Adjoint-Based Adaptive Mesh Refinement for Complex Geometries}},
	year = {2008}}

@article{da-le:2018,
	author = {Brisa N Davis and Randall J LeVeque},
	journal = {arXiv:1810.00927},
	title = {{Analysis and Performance Evaluation of Adjoint-Guided Adaptive Mesh Refinement for Linear Hyperbolic PDEs Using Clawpack}},
	year = {2018}}

@article{li-gr:2007,
	author = {Jing-Rebecca Li and Leslie Greengard},
	journal = jcp,
	number = {2},
	pages = {1891 - 1901},
	title = {{On the numerical solution of the heat equation I: Fast solvers in free space}},
	volume = {226},
	year = {2007}}

@article{pe:1972,
	author = {Charles S. Peskin},
	journal = jcp,
	number = {2},
	pages = {252 - 271},
	title = {{Flow patterns around heart valves: A numerical method}},
	volume = {10},
	year = {1972}}

@conference{ca:2018,
	author = {D. Calhoun},
	booktitle = {presentation at the SIAM Annual Meeting, Portland OR},
	month = {July},
	title = {{Conservative schemes for Variable Coefficient Transport Equations}},
	year = {2018}}

@article{ch:2001,
	author = {Charpentier, I.},
	journal = sisc,
	number = {6},
	pages = {2135-2151},
	title = {{Checkpointing Schemes for Adjoint Codes: Application to the Meteorological Model Meso-NH}},
	volume = {22},
	year = {2001}}

@article{gr-wa:2000,
	author = {ANDREAS GRIEWANK and ANDREA WALTHER},
	journal = toms,
	pages = {19--45},
	title = {{Algorithm 799: Revolve: An Implementation of Checkpointing for the Reverse or Adjoint Mode of Computational Differentiation}},
	volume = {26},
	year = {2000}}

@article{ba-da:2005,
	author = {Baird, J. and Dawson, C.},
	journal = comgeo,
	number = {4},
	pages = {247--271},
	title = {{The representer method for data assimilation in single-phase Darcy flow in porous media}},
	volume = {9},
	year = {2005}}

@article{la-wi-gl-ma-da-ri-ha:2020,
	author = {Caelan Lapointe and Nicholas T. Wimer and Jeffrey F. Glusman and Amanda S. Makowiecki and John W. Daily and Gregory B. Rieker and Peter E. Hamlington},
	journal = fsj,
	pages = {102934},
	title = {{Efficient simulation of turbulent diffusion flames in OpenFOAM using adaptive mesh refinement}},
	volume = {111},
	year = {2020}}

@article{ro-ji-mu:2007,
	author = {J. Rosam and P.K. Jimack and A. Mullis},
	journal = jcp,
	number = {2},
	pages = {1271 - 1287},
	title = {{A fully implicit, fully adaptive time and space discretisation method for phase-field simulation of binary alloy solidification}},
	volume = {225},
	year = {2007}}

@inbook{ta-kh-sc:2001,
	address = {Boston, MA},
	author = {Talat Odman, M. and Khan, Maudood N. and Scott McRae, D.},
	editor = {Gryning, Sven-Erik and Schiermeier, Francis A.},
	pages = {541--549},
	publisher = {Springer US},
	series = {Air Pollution Modeling and its Applications XIV},
	title = {{Adaptive Grids in Air Pollution Modeling: Towards an Operational Model}},
	year = {2001}}

@article{go-ac-la-li-st:2012,
	author = {Goodrick, Scott L. and Achtemeier, Gary L. and Larkin, Narasimhan K. and Liu, Yongqiang and Strand, Tara M.},
	journal = ijwf,
	pages = {83-94},
	title = {Modelling smoke transport from wildland fires: a review},
	volume = {22},
	year = {2012}}

@article{li-go-br-br-mi-ob-hi:2020,
	author = {R.R. Linn and S.L. Goodrick and S. Brambilla and M.J. Brown and R.S. Middleton and J.J. O'Brien and J.K. Hiers},
	journal = envmodsoft,
	pages = {104616},
	title = {{QUIC-fire: A fast-running simulation tool for prescribed fire planning}},
	volume = {125},
	year = {2020}}

@article{go:1991,
	author = {Goldberg, David},
	journal = {ACM Comput. Surv.},
	month = mar,
	number = {1},
	pages = {5--48},
	title = {{What Every Computer Scientist Should Know about Floating-Point Arithmetic}},
	volume = {23},
	year = {1991}}

@article{be-gi:2020,
	author = {Marsha Berger and Andrew Giuliani},
	journal = jcp,
	pages = {109820},
	title = {{A state redistribution algorithm for finite volume schemes on cut cell meshes}},
	year = {2020}}

@phdthesis{ba:2002,
	address = {Seattle, WA},
	author = {D. S. Bale},
	school = {University of Washington},
	title = {Wave propagation algorithms on curved manifolds with applications to relativistic hydrodynamics},
	year = {2002}}

@article{ba-thesis:2002,
	author = {Derek S. Bale}}

@article{he-le-wa:2000,
	author = {Helzel, Christiane and Leveque, Randall J. and Warnecke, Gerald},
	journal = sisc,
	number = {4},
	pages = {1489-1510},
	title = {{A Modified Fractional Step Method for the Accurate Approximation of Detonation Waves}},
	volume = {22},
	year = {2000}}

@article{fo-le:1999,
	author = {Fogarty, Tiernan R. and LeVeque, Randall J.},
	journal = jasa,
	number = {1},
	pages = {17-28},
	title = {{High-resolution finite-volume methods for acoustic waves in periodic and random media}},
	volume = {106},
	year = {1999}}

@article{la-le:2000,
	author = {Jan Olav Langseth and Randall J. LeVeque},
	journal = jcp,
	number = {1},
	pages = {126 - 166},
	title = {{A Wave Propagation Method for Three-Dimensional Hyperbolic Conservation Laws}},
	volume = {165},
	year = {2000}}

@article{lo-po-ca:2019,
	author = {J.M. L{\'o}pez-Herrera and S. Popinet and A.A. Castrej{\'o}n-Pita},
	journal = jnnfm,
	pages = {144 - 158},
	title = {{An adaptive solver for viscoelastic incompressible two-phase problems applied to the study of the splashing of weakly viscoelastic droplets}},
	volume = {264},
	year = {2019}}

@article{po:2020,
	author = {St{\'e}phane Popinet},
	journal = jcp,
	pages = {109609},
	title = {{A vertically-Lagrangian, non-hydrostatic, multilayer model for multiscale free-surface flows}},
	volume = {418},
	year = {2020}}

@article{zh-al-be-be-bl-ch-da-fr-go:2019,
	author = {Weiqun Zhang and Ann Almgren and Vince Beckner and John Bell and Johannes Blaschke and Cy Chan and Marcus Day and Brian Friesen and Kevin Gott and Daniel Graves and Max P. Katz and Andrew Myers and Tan Nguyen and Andrew Nonaka and Michele Rosso and Samuel Williams and Michael Zingale},
	journal = joss,
	number = {37},
	title = {{AMReX: a framework for block-structured adaptive mesh refinement}},
	volume = {4},
	year = {2019}}

@article{re-le-gr-tz:2018,
	author = {Reyes, Adam and Lee, Dongwook and Graziani, Carlo and Tzeferacos, Petros},
	journal = jsc,
	number = {1},
	pages = {443--480},
	title = {{A New Class of High-Order Methods for Fluid Dynamics Simulations Using Gaussian Process Modeling: One-Dimensional Case}},
	volume = {76},
	year = {2018}}

@article{kh-lo-su-ro-ga:2020,
	author = {Makrand A. Khanwale and Alec D. Lofquist and Hari Sundar and James A. Rossmanith and Baskar Ganapathysubramanian},
	journal = jcp,
	pages = {109674},
	title = {{Simulating two-phase flows with thermodynamically consistent energy stable Cahn-Hilliard Navier-Stokes equations on parallel adaptive octree based meshes}},
	year = {2020}}

@conference{fvca9,
	author = {Robert Kl{\"o}fkorn and Eirik Keilegavlen and Florin A. Radu and J{\"u}gen Fuhrman},
	booktitle = {{Finite Volumes for Complex Applications IX}},
	editor = {Robert Kl{\"o}fkorn and Eirik Keilegavlen and Florin A. Radu and J{\"u}rgen Fuhrman},
	organization = {FVCA 9 (Bergen, Norway June 15-19, 2020)},
	publisher = {Springer},
	series = {Springer Proceedings in Mathematics \& Statistics},
	title = {{Finite Volumes for Complex Applications IX}},
	volume = {323},
	year = {2020}}

@article{ar-le:2014,
	author = {M. E. M. Arcos and Randall J. LeVeque},
	journal = arxiv,
	title = {{Validating Velocities in the GeoClaw Tsunami Model using Observations Near Hawaii from the 2011 Tohoku Tsunami}},
	volume = {arXiv:1410.2884},
	year = {2014}}

@article{ja-ma-mo:2020,
	author = {Suhas S. Jain and Ali Mani and Parviz Moin},
	journal = jcp,
	pages = {109606},
	title = {{A conservative diffuse-interface method for compressible two-phase flows}},
	year = {2020}}

@article{ba:2020,
	author = {Michael Baldauf},
	journal = jcp,
	title = {{Discontinuous Galerkin solver for the shallow-water equations in covariant form on the sphere and the ellipsoid}},
	year = {2020}}

@phdthesis{re-thesis:2019,
	author = {Cha{\`u}lio de Resende Ferreira},
	month = {July 17},
	school = {Technical University Munich},
	title = {{Vectorization and Patch-Based Adaptive Mesh Refinement for Finite Volume Solvers}},
	year = {2019}}

@article{wa-sc-li-sa-li-ba:2017,
	author = {John C. Warner and William C. Schwab and Jeffrey H. List and Ilgar Safak and Maria Liste and Wayne Baldwin},
	journal = cshelf,
	pages = {1-18},
	title = {{Inner-shelf ocean dynamics and seafloor morphologic changes during Hurricane Sandy}},
	volume = {138},
	year = {2017}}

@article{pu-li:2007,
	author = {William M. Putman and Shian-Jiann Lin},
	journal = jcp,
	pages = {55--78},
	title = {{Finite-volume transport on various cubed-sphere grids}},
	volume = {227},
	year = {2007}}

@article{fu-li:2019,
	author = {Fu, Kai. and Liang, Dong.},
	journal = sisc,
	number = {6},
	pages = {B1178-B1210},
	title = {{A Mass-Conservative Temporal Second Order and Spatial Fourth Order Characteristic Finite Volume Method for Atmospheric Pollution Advection Diffusion Problems}},
	volume = {41},
	year = {2019}}

@article{ge-gi:2019,
	author = {Geldermans, P. and Gillman, A.},
	journal = sisc,
	number = {1},
	pages = {A292-A315},
	title = {{An Adaptive High Order Direct Solution Technique for Elliptic Boundary Value Problems}},
	volume = {41},
	year = {2019}}

@inproceedings{du-ku-su:2011,
	author = {Austen C. Duffy and Alan Kuhnle and Mark Sussman},
	title = {{AN IMPROVED VARIABLE DENSITY PRESSURE PROJECTION SOLVER FOR ADAPTIVE MESHES}},
	year = {2011}}

@inproceedings{ta:1993,
	author = {Osamu Tatebe},
	title = {{The multigrid preconditioned conjugate gradient method}},
	year = {1993}}

@article{as-fa:1996,
	author = {Steven F. Ashby and Robert D. Falgout},
	journal = {Nuclear Science and Engineering},
	number = {1},
	pages = {145-159},
	title = {{A Parallel Multigrid Preconditioned Conjugate Gradient Algorithm for Groundwater Flow Simulations}},
	volume = {124},
	year = {1996}}

@article{po:2019,
	author = {St{\`e}phane Popinet},
	journal = jcp,
	pages = {109609},
	title = {{A vertically-Lagrangian, non-hydrostatic, multilayer model for multiscale free-surface flows}},
	volume = {418},
	year = {2019}}

@techreport{la-mu:1997,
	address = {Waterloo, Ontario},
	author = {G. Labahn and M. Mutrie},
	institution = {Department of Computer Science, University of Waterloo},
	number = {97-21},
	title = {Reduction of Elliptic Integrals to Legendre Normal Form},
	year = {1997}}

@article{we:2019,
	author = {Weinzierl, Tobias},
	journal = toms,
	month = apr,
	number = {2},
	pages = {14:1--14:41},
	title = {{The Peano Software - Parallel, Automaton-based, Dynamically Adaptive Grid Traversals}},
	volume = {45},
	year = {2019}}

@techreport{data-science-curriculum,
	institution = {Park City Math Institute},
	title = {{Curriculum Guidelines for Undergraduate Programs in Data Science}},
	year = {2016}}

@article{gu-po-to-ke:2019,
	author = {Jean-Luc Guermond and Bojan Popov and Eric Tovar and Chris Kees},
	journal = jcp,
	pages = {108917},
	title = {{Robust explicit relaxation technique for solving the Green-Naghdi equations}},
	year = {2019}}

@article{ma-ko-gi:2015,
	author = {Marras, S. and Kopera, M. A. and Giraldo, F. X.},
	journal = qjrms,
	number = {690},
	pages = {1727-1739},
	title = {{Simulation of shallow-water jets with a unified element-based continuous/discontinuous Galerkin model with grid flexibility on the sphere}},
	volume = {141},
	year = {2015}}

@book{ku-we:2006,
	author = {Bruce R. Kusse and Erik A. Westwig},
	edition = {{Second}},
	publisher = {Wiley-VCH},
	series = {Applied Mathematics for Scientists and Engineers},
	title = {Mathematical Physics},
	year = {2006}}

@techreport{mc-ho-mc-fl-we-ov:2013,
	author = {Kevin McGrattan and Simo Hostikka and Randall McDermott and Jason Floyd and Craig Weinschenk and Kristopher Overholt},
	institution = {NIST},
	month = {November},
	number = {1018},
	title = {{Fire Dynamics Simulator Technical Reference Guide Volume 1: Mathematical Model}},
	type = {Special Publication},
	year = {2013}}

@article{bi-ha:1997,
	author = {Bihari, B. and Harten, A.},
	journal = sisc,
	number = {2},
	pages = {315-354},
	title = {{Multiresolution Schemes for the Numerical Solution of 2-D Conservation Laws I}},
	volume = {18},
	year = {1997}}

@article{ha:1995,
	author = {Harten, Ami},
	journal = cpam,
	number = {12},
	pages = {1305-1342},
	title = {{Multiresolution algorithms for the numerical solution of hyperbolic conservation laws}},
	volume = {48},
	year = {1995}}

@article{br-ec-dr:2014,
	author = {Broutman, Dave and Eckermann, Stephen D. and Drob, Douglas P.},
	journal = jas,
	number = {9},
	pages = {3416-3426},
	title = {{The Partial Reflection of Tsunami-Generated Gravity Waves}},
	volume = {71},
	year = {2014}}

@article{wu-ll-ro-br-mi:2016,
	author = {Wu, Yue and Llewellyn Smith, Stefan G. and Rottman, James W. and Broutman, Dave and Minster, Jean-Bernard H.},
	journal = jas,
	number = {8},
	pages = {3025-3036},
	title = {{The Propagation of Tsunami-Generated Acoustic--Gravity Waves in the Atmosphere}},
	volume = {73},
	year = {2016}}

@article{we-bu-ta:2015,
	author = {Wei, Chen and B{\"u}hler, Oliver and Tabak, Esteban G.},
	journal = jas,
	number = {6},
	pages = {2303-2317},
	title = {{Evolution of Tsunami-Induced Internal Acoustic--Gravity Waves}},
	volume = {72},
	year = {2015}}

@article{gr-na:1976,
	author = {Green, A. E. and Naghdi, P. M.},
	journal = jfm,
	number = {2},
	pages = {237--246},
	title = {{A derivation of equations for wave propagation in water of variable depth}},
	volume = {78},
	year = {1976}}

@article{gr-na:1976xxx,
	author = {Green, A. and Naghdi, P.},
	journal = {Journal of Fluid Mechanics},
	number = {2},
	title = {A derivation of equations for wave propagation in water of variable depth},
	volume = {78},
	year = {1976}}

@article{ge:2008,
	author = {David L. George},
	journal = jcp,
	number = {6},
	pages = {3089 - 3113},
	title = {{Augmented Riemann solvers for the shallow water equations over variable topography with steady states and inundation}},
	volume = {227},
	year = {2008}}

@article{la-me:2017,
	author = {{Lannes}, David and {Metivier}, Guy},
	journal = {arXiv e-prints},
	month = {Oct},
	pages = {arXiv:1710.03651},
	title = {{The shoreline problem for the one-dimensional shallow water and Green-Naghdi equations}},
	year = {2017}}

@article{ta-sh:2010,
	author = {Sirui Tan and Chi-Wang Shu},
	journal = jcp,
	number = {21},
	pages = {8144 - 8166},
	title = {{Inverse Lax-Wendroff procedure for numerical boundary conditions of conservation laws}},
	volume = {229},
	year = {2010}}

@article{ki-cl-sw:2006,
	author = {Kirschner, Paul and Clark, Richard and Sweller, John},
	journal = {Educational Psychologist},
	month = {01},
	pages = {75-86},
	title = {{Why Minimal Guidance During Instruction Does Not Work : An Analysis of the Failure of Constructivist , Discovery , Problem-Based , Experiential , and Inquiry-Based Teaching}},
	volume = {41},
	year = {2006}}

@inproceedings{be-he:2002,
	address = {Porquerolles, France},
	author = {Marsha J. Berger and Christiane Helzel},
	booktitle = {Proc. 3rd Int. Symposium on Finite Volumes for Complex Applications},
	month = {June 24-28},
	title = {{Grid aligned h-box methods for conservation laws in complex geometries}},
	year = {2002}}

@article{fo-je:1998,
	author = {Hans Forrer and Rolf Jeltsch},
	journal = jcp,
	number = {2},
	pages = {259 - 277},
	title = {{A Higher-Order Boundary Treatment for Cartesian-Grid Methods}},
	volume = {140},
	year = {1998}}

@article{te-ro-be:2015,
	author = {Christian Tenaud and Olivier Roussel and Linda Bentaleb},
	journal = caf,
	pages = {111 - 125},
	title = {{Unsteady compressible flow computations using an adaptive multiresolution technique coupled with a high-order one-step shock-capturing scheme}},
	volume = {120},
	year = {2015}}

@article{lo-ly-pe:2013,
	author = {L{\o}vholt, F. and Lynett, P. and Pedersen, G.},
	journal = nonlingeo,
	number = {3},
	pages = {379--395},
	title = {{Simulating run-up on steep slopes with operational Boussinesq models; capabilities, spurious effects and instabilities}},
	volume = {20},
	year = {2013}}

@article{ma-fu-sc:2008,
	author = {Madsen, Per A. and Fuhrman, David R. and Sch{\"a}ffer, Hemming A.},
	journal = jgroceans,
	number = {C12},
	title = {{On the solitary wave paradigm for tsunamis}},
	volume = {113},
	year = {2008}}

@article{po:2018,
	author = {Popinet, St{\'e}phane},
	journal = annrevfluid,
	number = {1},
	pages = {49-75},
	title = {{Numerical Models of Surface Tension}},
	volume = {50},
	year = {2018}}

@article{li-la:2001,
	author = {Zhilin Li and Ming-Chih Lai},
	journal = jcp,
	number = {2},
	pages = {822 - 842},
	title = {{The Immersed Interface Method for the Navier--Stokes Equations with Singular Forces}},
	volume = {171},
	year = {2001}}

@phdthesis{dj-thesis:2006,
	author = {Jelena Djok{\'\i}c},
	month = {July},
	school = {{Universit{\"a}t Leipzig}},
	title = {{Efficient Update of Hierarchical Matrices in the case of Adaptive Discretisation Schemes}},
	year = {2006}}

@article{ro-zh-go-tr:2017,
	author = {M{\'e}lanie C. Rochoux and Cong Zhang and Michael Gollner and Arnaud Trouv{\'e}},
	journal = {Wildfire Magazine},
	month = {April},
	title = {{Designing the Future of Wildfire Modeling}},
	year = {2017}}

@inproceedings{go-tr-al-bl-ca-cl-co-el-fi:2015,
	author = {M. Gollner and A. Trouv{\'e} and I. Altintas and J. Block and R. De Callafon and C. Clements and A. Cortes and E. Ellicott and J.-B. Filippi and M. Finney and K. Ide and M.A. Jenkins and D. Jimenez and C. Lautenberger and J. Mandel and M. Rochoux and A. Simeoni},
	booktitle = {{WIFIRE Workshop ``Towards Data-Driven Operational Wildfire Spread Modeling''}},
	month = {January 12-13},
	organization = {UCSD},
	publisher = {Fire Protection Engineering Research Works},
	title = {{Towards Data-Driven Operational Wildfire Spread Modeling}},
	year = {2015}}

@article{zh-ro-ta-go-fi-tr:2017,
	author = {Cong Zhang and M{\'e}lanie Rochoux and Wei Tang and Michael Gollner and Jean-Baptiste Filippi and Arnaud Trouv{\'e}},
	journal = {Fire Safety Journal},
	pages = {758 - 767},
	title = {{Evaluation of a data-driven wildland fire spread forecast model with spatially-distributed parameter estimation in simulations of the FireFlux I field-scale experiment}},
	volume = {91},
	year = {2017}}

@article{ba-bo-hi:2009,
	author = {Babak, P. and Bourlioux, A. and Hillen, T.},
	journal = siap,
	number = {4},
	pages = {1364-1388},
	title = {{The Effect of Wind on the Propagation of an Idealized Forest Fire}},
	volume = {70},
	year = {2009}}

@inbook{gu-mc-co:2012,
	author = {Guzik, Stephen and McCorquodale, Peter and Colella, Phillip},
	month = {2019/02/14},
	publisher = {American Institute of Aeronautics and Astronautics},
	title = {{A Freestream-Preserving High-Order Finite-Volume Method for Mapped Grids with Adaptive-Mesh Refinement}},
	year = {2012}}

@article{sa-sa-ob-na:2013,
	author = {Sakai, Ryotaro and Sasaki, Daisuke and Obayashi, Shigeru and Nakahashi, Kazuhiro},
	journal = ijnmf,
	number = {5},
	pages = {462-476},
	title = {{Wavelet-based data compression for flow simulation on block-structured Cartesian mesh}},
	volume = {73},
	year = {2013}}

@article{mi-sa-ob:2017,
	author = {Takashi Misaka and Daisuke Sasaki and Shigeru Obayashi},
	journal = ijcfd,
	number = {10},
	pages = {476-487},
	title = {{Adaptive mesh refinement and load balancing based on multi-level block-structured Cartesian mesh}},
	volume = {31},
	year = {2017}}

@article{de-do-go-sc:2016,
	author = {Deiterding, R. and Domingues, M. and Gomes, S. and Schneider, K.},
	journal = sisc,
	number = {5},
	pages = {S173-S193},
	title = {{Comparison of Adaptive Multiresolution and Adaptive Mesh Refinement Applied to Simulations of the Compressible Euler Equations}},
	volume = {38},
	year = {2016}}

@article{ha:1996,
	author = {Harten, A.},
	journal = {SIAM Journal on Numerical Analysis},
	number = {3},
	pages = {1205-1256},
	title = {{Multiresolution Representation of Data: A General Framework}},
	volume = {33},
	year = {1996}}

@article{de-do-go-ro-sc:2009,
	author = {Ralf Deiterding and Margarete O. Domingues and Sonia M. Gomes and Olivier Roussel and Kai Schneider},
	journal = {ESAIM: PROCEEDINGS},
	month = {December},
	pages = {28-42},
	title = {ADAPTIVE MULTIRESOLUTION OR ADAPTIVE MESH REFINEMENT? {A} CASE STUDY FOR 2D EULER EQUATIONS},
	volume = {29},
	year = {2009}}

@phdthesis{sa-thesis:2013,
	author = {Jeremy A. Sauer},
	school = {Florida State University},
	title = {Towards Improved Capability and Confidence in Coupled Atmospheric and Wildland Fire Modeling},
	year = {2013}}

@phdthesis{ca-thesis:2014,
	author = {Jesse M. Canfield},
	school = {Florida State Universiy},
	title = {Wildfire Dynamics: Understanding some behavior trends},
	year = {2014}}

@article{hi-su-sw-sh-th:2018,
	author = {J.E. Hilton and A.L. Sullivan and W. Swedosh and J. Sharples and C. Thomas},
	journal = envmodsoft,
	pages = {12 - 24},
	title = {{Incorporating convective feedback in wildfire simulations using pyrogenic potential}},
	volume = {107},
	year = {2018}}

@article{ab-vi:2013,
	author = {Assyr Abdulle and Gilles Vilmart},
	journal = jcp,
	pages = {869 - 888},
	title = {{PIROCK: A swiss-knife partitioned implicit--explicit orthogonal Runge--Kutta Chebyshev integrator for stiff diffusion--advection--reaction problems with or without noise}},
	volume = {242},
	year = {2013}}

@phdthesis{ge-thesis:1979,
	author = {Fred Gelbard},
	month = {October 28},
	school = {California Institute of Technology},
	title = {{The General Dynamic Equation for aerosols}},
	year = {1979}}

@article{mc:1997,
	author = {Robert McGraw},
	journal = aeroscitech,
	number = {2},
	pages = {255-265},
	title = {{Description of Aerosol Dynamics by the Quadrature Method of Moments}},
	volume = {27},
	year = {1997}}

@mastersthesis{fl-thesis:2014,
	author = {H. M. Flask{\"u}hler},
	school = {Ruhr-University-Bochum},
	title = {{An extension of LeVeque's wave propagation algorithm to 3rd order}},
	year = {2014}}

@article{da-te:2004,
	author = {V. Daru and C. Tenaud},
	journal = jcp,
	pages = {563-594},
	title = {{High order one-step monotonicity-preserving schemes for unsteady compressible flow calculations}},
	volume = {193},
	year = {2004}}

@article{we:2001,
	author = {S. L. Weekes},
	journal = anm,
	pages = {417-440},
	title = {{Numerical computation of wave propagation in dynamic materials}},
	volume = {37},
	year = {2001}}

@article{sh:1998,
	author = {K. M. Shyue},
	journal = jcp,
	pages = {208--242},
	title = {{An efficient shock-capturing algorithm for compressible multicomponent problems}},
	volume = {142},
	year = {1998}}

@article{he-ro-ta:2011,
	author = {C. Helzel and J. A. Rossmanith and B. Taetz},
	journal = jcp,
	pages = {3803-3829},
	title = {{An unstaggered constrained transport method for the 3d ideal magnetohydrodynamics equations}},
	year = {2011}}

@article{co-ma:2005,
	author = {A. Costa and G. Macedonio},
	journal = {Geophysical Research Letters},
	title = {{Numerical simulation of lava flows based on depth-averaged equations}},
	year = {2005}}

@inproceedings{ca-he-le:2008b,
	author = {Calhoun, D. and Helzel, C. and LeVeque, R. J.},
	booktitle = {Hyperbolic Problems: Theory, Numerics, Applications},
	editor = {Sylvie Benzoni-Gavage and Denis Serre},
	pages = {355-362},
	publisher = {Springer-Verlag, Berlin, Heidelberg},
	title = {{A Finite Volume Grid for Solving Hyperbolic Problems on the Sphere}},
	year = {2008}}

@article{ch-fo-la-ma-vi:2017,
	author = {Chalons, C. and Fox, R. and Laurent, F. and Massot, M. and Vi{\'e}, A.},
	journal = mmsim,
	number = {4},
	pages = {1553-1583},
	title = {{Multivariate Gaussian Extended Quadrature Method of Moments for Turbulent Disperse Multiphase Flow}},
	volume = {15},
	year = {2017}}

@article{di-ka-xi-sa:2018,
	author = {Dillon, G. and Kalantzis, V. and Xi, Y. and Saad, Y.},
	journal = sisc,
	number = {4},
	pages = {A2234-A2252},
	title = {{A Hierarchical Low Rank Schur Complement Preconditioner for Indefinite Linear Systems}},
	volume = {40},
	year = {2018}}

@article{sc-ru:2018,
	author = {Schornbaum, F. and R{\"u}de, U.},
	journal = sisc,
	number = {3},
	pages = {C358-C387},
	title = {{Extreme-Scale Block-Structured Adaptive Mesh Refinement}},
	volume = {40},
	year = {2018}}

@article{ga-gr:2006,
	author = {X. Gao and C.P.T. Groth},
	journal = ijcfd,
	number = {5},
	pages = {349-357},
	title = {{A parallel adaptive mesh refinement algorithm for predicting turbulent non-premixed combusting flows}},
	volume = {20},
	year = {2006}}

@article{vi-wa-fo:2013,
	author = {V. Vikas and Z.J. Wang and R.O. Fox},
	journal = jcp,
	pages = {162 - 179},
	title = {{Realizable high-order finite-volume schemes for quadrature-based moment methods applied to diffusion population balance equations}},
	volume = {249},
	year = {2013}}

@article{no:2014,
	author = {Matthew R. Norman},
	journal = jcp,
	pages = {1 - 18},
	title = {{A WENO-limited, ADER-DT, finite-volume scheme for efficient, robust, and communication-avoiding multi-dimensional transport}},
	volume = {274},
	year = {2014}}

@article{no-na:2018,
	author = {Norman, M. R., and Nair, R. D.},
	journal = jadvmodel,
	pages = {1587--1612},
	title = {{A positive-definite, WENO-limited, high-order finite volume solver for 2-D transport on the cubed sphere using an ADER time dis- cretization}},
	volume = {10},
	year = {2018}}

@article{mi-hu-hu-go-me:2013,
	author = {Mielikainen, J. and Huang, B. and Huang, H. L. A. and Goldberg, M. D. and Mehta, A.},
	journal = jatmosocean,
	number = {12},
	pages = {2896-2906},
	title = {{Speeding Up the Computation of WRF Double-Moment 6-class Microphysics Scheme with GPU}},
	volume = {30},
	year = {2013}}

@article{mi-hu-hu-go:2012b,
	author = {J. Mielikainen and B. Huang and H. A. Huang and M. D. Goldberg},
	journal = ieeejearth,
	month = {Aug},
	number = {4},
	pages = {1256-1265},
	title = {Improved GPU/CUDA Based Parallel Weather and Research Forecast (WRF) Single Moment 5-Class (WSM5) Cloud Microphysics},
	volume = {5},
	year = {2012}}

@article{sa-hu-hs-ch-li:2012,
	author = {M. T. Satria and B. Huang and T. Hsieh and Y. Chang and W. Liang},
	journal = ieeejearth,
	month = {June},
	number = {3},
	pages = {1014-1023},
	title = {{GPU Acceleration of Tsunami Propagation Model}},
	volume = {5},
	year = {2012}}

@article{mi-hu-hu-go:2012,
	author = {J. Mielikainen and B. Huang and H. A. Huang and M. D. Goldberg},
	journal = ieeejearth,
	month = {April},
	number = {2},
	pages = {625-633},
	title = {{GPU Implementation of Stony Brook University 5-Class Cloud Microphysics Scheme in the WRF}},
	volume = {5},
	year = {2012}}

@article{li-xi-ho:2016,
	author = {Liu, X. and Xia, J. and de Hoop, M.},
	journal = sisc,
	number = {5},
	pages = {S508-S538},
	title = {{Parallel Randomized and Matrix-Free Direct Solvers for Large Structured Dense Linear Systems}},
	volume = {38},
	year = {2016}}

@article{ma-vo:2016,
	author = {Martinsson, P. and Voronin, S.},
	journal = sisc,
	number = {5},
	pages = {S485-S507},
	title = {{A Randomized Blocked Algorithm for Efficiently Computing Rank-revealing Factorizations of Matrices}},
	volume = {38},
	year = {2016}}

@article{zh-al-da-ng-sh-un:2016,
	author = {Zhang, W. and Almgren, A. and Day, M. and Nguyen, T. and Shalf, J. and Unat, D.},
	journal = sisc,
	number = {5},
	pages = {S156-S172},
	title = {{BoxLib with Tiling: An Adaptive Mesh Refinement Software Framework}},
	volume = {38},
	year = {2016}}

@phdthesis{no-thesis:2014,
	author = {Scott A. Northrup},
	school = {University of Toronto},
	title = {{A Parallel Implicit Adaptive Mesh Refinement Algorithm for Predicting Unsteady Fully-Compressible Reactive Flows}},
	year = {2014}}

@article{dr-fi-ke-ko-la-le-ma:2017,
	author = {{Drui}, F. and {Fikl}, A. and {Kestener}, P. and {Kokh}, S. and {Larat}, A. and {Le Chenadec}, V. and {Massot}, M.},
	journal = {arXiv:1709.07700v1},
	month = sep,
	title = {{Experimenting with the p4est library for AMR simulations of two-phase flows}},
	year = 2017}

@article{de-du-du-gu-lo-ma:2015,
	author = {{Descombes}, S. and {Duarte}, M. and {Dumont}, T. and {Guillet}, T. and {Louvet}, V. and {Massot}, M.},
	journal = {arXiv:1506.04651v3},
	month = jun,
	title = {{Task-based adaptive multiresolution for time-space multi-scale reaction-diffusion systems on multi-core architectures}},
	year = 2015}

@article{jo-me:2000,
	author = {W. P. Jones and K. R. Menzies},
	journal = jcp,
	number = {1},
	pages = {45 - 68},
	title = {{Analysis of the Cell-Centred Finite Volume Method for the Diffusion Equation}},
	volume = {165},
	year = {2000}}

@article{du-al-be:2015,
	author = {{Duarte}, M. and {Almgren}, A.~S. and {Bell}, J.~B.},
	journal = jas,
	month = apr,
	pages = {1605-1620},
	title = {{A Low Mach Number Model for Moist Atmospheric Flows}},
	volume = 72,
	year = 2015}

@article{ra-va:2015,
	author = {Hari K Raghavan and Sathish S Vadhiyar},
	journal = ijhpc,
	number = {2},
	pages = {135-153},
	title = {{Adaptive executions of hyperbolic block-structured AMR applications on GPU systems}},
	volume = {29},
	year = {2015}}

@article{an-to-lu-sa-do:2015,
	author = {Hartwig Anzt and Stanimire Tomov and Piotr Luszczek and William Sawyer and Jack Dongarra},
	journal = ijhpc,
	number = {3},
	pages = {366-383},
	title = {{Acceleration of GPU-based Krylov solvers via data transfer reduction}},
	volume = {29},
	year = {2015}}

@article{gu-gr-ol:2016,
	author = {Dahai Guo and William Gropp and Luke N Olson},
	journal = ijhpc,
	number = {1},
	pages = {103-120},
	title = {{A hybrid format for better performance of sparse matrix-vector multiplication on a GPU}},
	volume = {30},
	year = {2016}}

@article{be-ba-do-ka-wa:2017,
	author = {Gordon Bell and David H Bailey and Jack Dongarra and Alan H Karp and Kevin Walsh},
	journal = ijhpc,
	number = {6},
	pages = {469-484},
	title = {{A look back on 30 years of the Gordon Bell Prize}},
	volume = {31},
	year = {2017}}

@article{ge-re:2017,
	author = {Al Geist and Daniel A Reed},
	journal = ijhpc,
	number = {1},
	pages = {104-113},
	title = {{A survey of high-performance computing scaling challenges}},
	volume = {31},
	year = {2017}}

@article{an-to-do:2017,
	author = {Hartwig Anzt and Stanimire Tomov and Jack Dongarra},
	journal = ijhpc,
	number = {5},
	pages = {375-390},
	title = {{On the performance and energy efficiency of sparse linear algebra on GPUs}},
	volume = {31},
	year = {2017}}

@unpublished{bu-ho-is:2018,
	author = {Carsten Burstedde and Johannes Holke and Tobin Isaac},
	note = {Accepted for publication in Foundations of Computational Mathematics},
	title = {{On the number of face-connected components of {M}orton-type space-filling curves}},
	year = {2018}}

@inproceedings{le-ki-ch-de-ki-ng-sa-sm-ch:2010,
	address = {New York, NY, USA},
	author = {Lee, Victor W. and Kim, Changkyu and Chhugani, Jatin and Deisher, Michael and Kim, Daehyun and Nguyen, Anthony D. and Satish, Nadathur and Smelyanskiy, Mikhail and Chennupaty, Srinivas and Hammarlund, Per and Singhal, Ronak and Dubey, Pradeep},
	booktitle = {Proceedings of the 37th Annual International Symposium on Computer Architecture},
	pages = {451--460},
	publisher = {ACM},
	series = {ISCA '10},
	title = {{Debunking the 100X GPU vs. CPU Myth: An Evaluation of Throughput Computing on CPU and GPU}},
	year = {2010}}

@conference{th-se:2009,
	address = {Orlando, Florida},
	author = {Julien Thibault and Inanc Senocak},
	month = {5-8 January},
	organization = {47th AIAA Aerospace Sciences Meeting including The New Horizons Forum and Aerospace Exposition},
	title = {{CUDA Implementation of a Navier-Stokes Solver on Multi-GPU Desktop Platforms for Incompressible Flows}},
	volume = {AIAA-758},
	year = {2009}}

@article{hu-fa-sa-pa:2018,
	author = {R. Hu and F. Fang and P. Salinas and C.C. Pain},
	journal = jhydro,
	pages = {354 - 363},
	title = {{Unstructured mesh adaptivity for urban flooding modelling}},
	volume = {560},
	year = {2018}}

@article{va-pa-fe-mi-au-da:2017,
	author = {Renato Vacondio and Alessandro Dal Pal{\`u} and Alessia Ferrari and Paolo Mignosa and Francesca Aureli and Susanna Dazzi},
	journal = envmodsoft,
	pages = {119 - 137},
	title = {{A non-uniform efficient grid type for GPU-parallel Shallow Water Equations models}},
	volume = {88},
	year = {2017}}

@article{la-ju-mu-ga:2015,
	author = {A. Lacasta and C. Juez and J. Murillo and P. Garc{\'\i}a-Navarro},
	journal = comgeo,
	pages = {63 - 72},
	title = {{An efficient solution for hazardous geophysical flows simulation using GPUs}},
	volume = {78},
	year = {2015}}

@article{da-va-pa-mi:2018,
	author = {Susanna Dazzi and Renato Vacondio and Alessandro Dal Pal{\`u} and Paolo Mignosa},
	journal = advwatres,
	pages = {274 - 288},
	title = {{A local time stepping algorithm for GPU-accelerated 2D shallow water models}},
	volume = {111},
	year = {2018}}

@article{ra-va:2013,
	author = {Hari K. Raghavan and Sathish S. Vadhiyar},
	journal = jpardiscom,
	number = {6},
	pages = {866 - 875},
	title = {{Efficient asynchronous executions of AMR computations and visualization on a GPU system}},
	volume = {73},
	year = {2013}}

@article{gu-an:2016,
	author = {Brian T.N. Gunney and Robert W. Anderson},
	journal = jpardiscom,
	pages = {65 - 84},
	title = {{Advances in patch-based adaptive mesh refinement scalability}},
	volume = {89},
	year = {2016}}

@article{ha-se:2018,
	author = {Jaber J. Hasbestan and Inanc Senocak},
	journal = jcp,
	pages = {179 - 195},
	title = {{Binarized-octree generation for Cartesian adaptive mesh refinement around immersed geometries}},
	volume = {368},
	year = {2018}}

@article{wa-ab-ka:2010,
	author = {Peng Wang and Tom Abel and Ralf Kaehler},
	journal = newastro,
	number = {7},
	pages = {581 - 589},
	title = {{Adaptive mesh fluid simulations on GPU}},
	volume = {15},
	year = {2010}}

@article{as-ca:2017,
	author = {M. de la Asunci{\'o}n and M.J. Castro},
	journal = jcp,
	pages = {91 - 110},
	title = {{Simulation of tsunamis generated by landslides using adaptive mesh refinement on GPU}},
	volume = {345},
	year = {2017}}

@article{as-ca-ma-or:2016,
	author = {M. de la Asunci{\'o}n and M.J. Castro and J.M. Mantas and S. Ortega},
	journal = advengsoft,
	pages = {59 - 72},
	title = {{Numerical simulation of tsunamis generated by landslides on multiple GPUs}},
	volume = {99},
	year = {2016}}

@article{ro-st:2010,
	author = {Scott Rostrup and Hans De Sterck},
	journal = cpcomm,
	number = {12},
	pages = {2164 - 2179},
	title = {{Parallel hyperbolic PDE simulation on clusters: Cell versus GPU}},
	volume = {181},
	year = {2010}}

@article{is-kn:2015,
	author = {Tobin Isaac and M. G. Knepley},
	journal = {arXiv e-prints (150802470I)},
	month = aug,
	title = {{Support for Non-conformal Meshes in PETSc's DMPlex Interface}},
	year = 2015}

@misc{ramses,
	howpublished = {{\url{https://www.ics.uzh.ch/~teyssier/ramses/RAMSES.html}}},
	month = {2018},
	title = {{{Ramses} : Adaptive Mesh Refinement for self-gravitating magnetized fluid flows}}}

@misc{basilisk,
	howpublished = {{\url{http://www.basilisk.fr}}},
	title = {{{Basilisk} : Software program for the solution of partial differential equations on adaptive Cartesian meshes }},
	year = {2017}}

@misc{amrex,
	howpublished = {{\url{https://amrex-codes.github.io/amrex/}}},
	title = {{AMREX : A software framework for massively parallel, block-structured adaptive mesh refinement (AMR) applications}},
	year = {2017}}

@misc{uintah,
	author = {Justin Luitjens and John Schmidt and Alan Humphrey and J. Davison de St. Germain and Todd Harman and Jim Guilkey and Charles Reid and Dan Hinckley and Jeff Burghardt and John M. Schreiner and Joseph Peterson and Jeremy Nicholas Thornock and Brian Leavy and Qingyu Meng and Jennifer Spinti and Chuck Wight and Jeremy Nicholas and Jonah Lee and Julien Pedel and Diem-Phuong Nguyen and Isaac Hunsaker and Tony Saad and James Sutherland},
	howpublished = {{\url{http://uintah.utah.edu}}},
	title = {{{Uintah} : Software suite of libraries and applications for simulating and analyzing complex chemical and physical reactions}},
	year = {2010}}

@inproceedings{be-lu-me-ha-wi-pe:2010,
	address = {New York, NY, USA},
	author = {Berzins, Martin and Luitjens, Justin and Meng, Qingyu and Harman, Todd and Wight, Charles A. and Peterson, Joseph R.},
	booktitle = {Proceedings of the 2010 TeraGrid Conference},
	pages = {3:1--3:8},
	publisher = {ACM},
	series = {TG '10},
	title = {{Uintah: A Scalable Framework for Hazard Analysis}},
	year = {2010}}

@techreport{lu-be:2009,
	author = {J. Luitjens and M. Berzins},
	institution = {Scientific Computing and Imaging Institute University of Utah},
	month = {July 1},
	number = {UUSCI-2009-002},
	title = {{Uintah: A Scalable Adaptive Framework for Emerging Petascale Platforms}},
	year = {2009}}

@mastersthesis{hu:2013,
	author = {John Hutchins},
	month = {July},
	school = {Boise State University, Dept. of Mathematics},
	title = {Computing curvature and curvature normals on smooth logically Cartesian surface meshes},
	year = {2013}}

@article{fu-ch-ho-kw-la-le-lu-os-sc:2018,
	author = {Fuhrer, O. and Chadha, T. and Hoefler, T. and Kwasniewski, G. and Lapillonne, X. and Leutwyler, D. and L\"uthi, D. and Osuna, C. and Sch\"ar, C. and Schulthess, T. C. and Vogt, H.},
	journal = gmd,
	number = {4},
	pages = {1665--1681},
	title = {{Near-global climate simulation at 1\,km resolution: establishing a performance baseline on 4888\,GPUs with COSMO 5.0}},
	volume = {11},
	year = {2018}}

@inproceedings{ho-ma-ma-ta:2013,
	author = {T. Hoshino and N. Maruyama and S. Matsuoka and R. Takaki},
	booktitle = {2013 13th IEEE/ACM International Symposium on Cluster, Cloud, and Grid Computing},
	month = {May},
	organization = {IEEE/ACM},
	pages = {136-143},
	title = {{CUDA vs OpenACC: Performance Case Studies with Kernel Benchmarks and a Memory-Bound CFD Application}},
	year = {2013}}

@article{gh-wa-va-te:2015,
	author = {C. Gheller and P. Wang and F. Vazza and R. Teyssier},
	journal = jpcs,
	number = {Conference 1},
	title = {{Numerical cosmology on the GPU with Enzo and Ramses}},
	volume = {640},
	year = {2015}}

@article{sc-pe-da-fa-ga:2017,
	author = {Kevin Schmidmayer and Fabien Petitpas and Eric Daniel and Nicolas Favrie and Sergey Gavrilyuk},
	journal = jcp,
	pages = {468 - 496},
	title = {{A model and numerical method for compressible flows with capillary effects}},
	volume = {334},
	year = {2017}}

@article{kh:1998,
	author = {A.M Khokhlov},
	journal = jcp,
	number = {2},
	pages = {519 - 543},
	title = {{Fully Threaded Tree Algorithms for Adaptive Refinement Fluid Dynamics Simulations}},
	volume = {143},
	year = {1998}}

@article{oh-tu-ah-ke:2018,
	author = {H. Gorune Ohannessian and George Turkiyyah and Aron J. Ahmadia and David I. Ketcheson},
	journal = arxiv,
	title = {{{CUDACLAW:} {A} high-performance programmable {GPU} framework for the solution of hyperbolic PDEs}},
	volume = {1805.08846},
	year = {2018}}

@article{qi-le-mo:2018,
	author = {Xinsheng Qin and Randall J. LeVeque and Michael Motley},
	journal = {(submitted)},
	title = {{Accelerating wave-propagation algorithms on adaptive mesh with the graphics processing unit (GPU)}},
	year = {2018}}

@article{ch-gu-ji:2016,
	author = {Andrew Christlieb and Wei Guo and Yan Jiang},
	journal = jcp,
	pages = {337 - 367},
	title = {{A WENO-based Method of Lines Transpose approach for Vlasov simulations}},
	volume = {327},
	year = {2016}}

@article{ca-ch-ch-se:2016,
	author = {Causley, M. and Cho, H. and Christlieb, A. and Seal, D.},
	journal = sinum,
	number = {3},
	pages = {1635-1652},
	title = {{Method of Lines Transpose: High Order L-Stable \${\mathcal O}(N)\$ Schemes for Parabolic Equations Using Successive Convolution}},
	volume = {54},
	year = {2016}}

@article{tu-pe-te-sa-pr:2016,
	author = {R. Tuminaro and M. Perego and I. Tezaur and A. Salinger and S. Price},
	journal = sisc,
	number = {5},
	pages = {C504-C532},
	title = {{A Matrix Dependent/Algebraic Multigrid Approach for Extruded Meshes with Applications to Ice Sheet Modeling}},
	volume = {38},
	year = {2016}}

@misc{e3sm-model,
	author = {{E3SM Project}},
	howpublished = {[Computer Software] \url{https://dx.doi.org/10.11578/E3SM/dc.20180418.36}},
	month = apr,
	title = {{Energy Exascale Earth System Model (E3SM)}},
	year = 2018}

@article{de-wa-te-gu-sp-sa-pa-he:2018,
	author = {Irina Demeshko and Jerry Watkins and Irina K Tezaur and Oksana Guba and William F Spotz and Andrew G Salinger and Roger P Pawlowski and Michael A Heroux},
	journal = ijhpc,
	pages = {1 -- 21},
	title = {{Toward performance portability of the Albany finite element analysis code using the Kokkos library}},
	year = {2018}}

@article{do-ke-we-zh-da:2016,
	author = {Aaron S. Donahue and Andrew B. Kennedy and Joannes J. Westerink and Yao Zhang and Clint Dawson},
	journal = coasteng,
	pages = {61 - 76},
	title = {{Simulation of wave phenomena in the nearshore through application of O($\mu$2) and O($\mu$4) pressure-Poisson Boussinesq type models}},
	volume = {114},
	year = {2016}}

@article{do-zh-ke-we-pa-da:2015,
	author = {Aaron S. Donahue and Yao Zhang and Andrew B. Kennedy and Joannes J. Westerink and Nishant Panda and Clint Dawson},
	journal = ocean,
	pages = {36 - 57},
	title = {{A Boussinesq-scaled, pressure-Poisson water wave model}},
	volume = {86},
	year = {2015}}

@article{zh-ke-pa-da-we:2013,
	author = {Yao Zhang and Andrew B. Kennedy and Nishant Panda and Clint Dawson and Joannes J. Westerink},
	journal = coasteng,
	pages = {13 - 27},
	title = {{Boussinesq--Green--Naghdi rotational water wave theory}},
	volume = {73},
	year = {2013}}

@article{pa-da-zh-ke-we-do:2014,
	author = {Nishant Panda and Clint Dawson and Yao Zhang and Andrew B. Kennedy and Joannes J. Westerink and Aaron S. Donahue},
	journal = jcp,
	pages = {572 - 588},
	title = {{Discontinuous Galerkin methods for solving Boussinesq--Green--Naghdi equations in resolving non-linear and dispersive surface water waves}},
	volume = {273},
	year = {2014}}

@article{sa-ch-sh:2010,
	author = {Yousef Saad and James R. Chelikowsky and Suzanne M. Shontz},
	journal = sirev,
	number = {1},
	pages = {3-54},
	title = {{Numerical Methods for Electronic Structure Calculations of Materials}},
	volume = {52},
	year = {2010}}

@article{en-lu:1997,
	author = {Bjorn Engquist and Erding Luo},
	journal = sinum,
	number = {6},
	pages = {2254-2273},
	title = {{Convergence of a Multigrid Method for Elliptic Equations with Highly Oscillatory Coefficients}},
	volume = {34},
	year = {1997}}

@article{du-ma-de-te-du-lo-fr:2012,
	author = {Max Duarte and Marc Massot and Steph{\'a}ne Descombes and Christian Tenaud and Thierry Dumont and Violane Louvet and Fr{\'e}d{\'e}rique},
	journal = sisc,
	number = {1},
	pages = {A76-A104},
	title = {{New resolution strategy for multiscale reaction waves: Optimal Time operator splitting. space adaptive multiresolution amd dedicated high order implicit/explicit time integrators}},
	volume = {34},
	year = {2012}}

@article{ev-iy-sc-su-ta-wo-zh:2005,
	author = {Evans, Edwin and Iyer, Sai and Schnetter, Erik and Suen, Wai-Mo and Tao, Jian and Wolfmeyer, Randy and Zhang, Hui-Min},
	journal = physrevd,
	month = {Apr},
	pages = {081301},
	title = {{Computational relativistic astrophysics with adaptive mesh refinement: Testbeds}},
	volume = {71},
	year = {2005}}

@article{sc-zu-go-tu-ga-ch:2017,
	author = {Schive, Hsi-Yu and ZuHone, John A. and Goldbaum, Nathan J. and Turk, Matthew J. and Gaspari, Massimo and Cheng, Chin-Yu},
	journal = {arXiv:1712.07070},
	title = {{GAMER-2: a GPU-accelerated adaptive mesh refinement code -- accuracy, performance, and scalability}},
	year = {2017}}

@article{du-de-te-ca-ma:2013,
	author = {Max Duarte and St{\'e}phane Descombes and Christian Tenaud and S{\'e}bastien Candel and Marc Massot},
	journal = combflame,
	number = {6},
	pages = {1083 - 1101},
	title = {{Time--space adaptive numerical methods for the simulation of combustion fronts}},
	volume = {160},
	year = {2013}}

@article{pa-zi-gr:2014,
	author = {Samuel Paolucci and Zachary J. Zikoski and Temistocle Grenga},
	journal = jcp,
	pages = {842 - 864},
	title = {{WAMR: An adaptive wavelet method for the simulation of compressible reacting flow. Part II. The parallel algorithm}},
	volume = {272},
	year = {2014}}

@article{pa-zi-wi:2014,
	author = {Samuel Paolucci and Zachary J. Zikoski and Damrongsak Wirasaet},
	journal = jcp,
	pages = {814 - 841},
	title = {{WAMR: An adaptive wavelet method for the simulation of compressible reacting flow. Part I. Accuracy and efficiency of algorithm}},
	volume = {272},
	year = {2014}}

@article{fo-fl:2015,
	author = {Fornberg, Bengt and Flyer, Natasha},
	journal = actnum,
	pages = {215--258},
	title = {{Solving PDEs with radial basis functions}},
	volume = {24},
	year = {2015}}

@article{ca:2017,
	author = {Donna A. Calhoun},
	journal = {SIAM Review},
	number = {1},
	pages = {207-222},
	title = {Book Review : Solving Hyperbolic Equations with Finite Volume Methods},
	volume = {59},
	year = {2017}}

@article{ha:1999,
	author = {Hackbusch, W.},
	journal = Computing,
	month = {Apr},
	number = {2},
	pages = {89--108},
	title = {{A Sparse Matrix Arithmetic Based on H-Matrices. Part I: Introduction to H-Matrices}},
	volume = {62},
	year = {1999}}

@misc{do-es-ga-do-ku-ya-fa-lu:2013,
	author = {Simplice Donfack and Mark Gates and Jack Dongarra and Jakub Kurzak and Ichitaro Yamazaki and Mathieu Faverge and Piotr Luszczek},
	howpublished = {{\url{www.netlib.org}}},
	title = {{On Algorithmic Variants of Parallel Gaussian Elimination: Comparison of Implementations in Terms of Performance and Numerical Properties}},
	year = {2013}}

@article{gr-lu-do-sk:1996,
	author = {William Gropp and Ewing Lusk and Nathan Doss and Anthony Skjellum},
	journal = parcomp,
	number = {6},
	pages = {789 - 828},
	title = {{A high-performance, portable implementation of the MPI message passing interface standard}},
	volume = {22},
	year = {1996}}

@inproceedings{ba-gr-mc-sm:1997,
	address = {Boston, MA},
	author = {Balay, Satish and Gropp, William D. and McInnes, Lois Curfman and Smith, Barry F.},
	booktitle = {Modern Software Tools for Scientific Computing},
	editor = {Arge, Erlend and Bruaset, Are Magnus and Langtangen, Hans Petter},
	pages = {163--202},
	publisher = {{Birkh\"auser Boston}},
	title = {{Efficient Management of Parallelism in Object-Oriented Numerical Software Libraries}},
	year = {1997}}

@article{po-ri:2007,
	author = {St{\'e}phane Popinet and Graham Rickard},
	journal = ocean,
	number = {3},
	pages = {224 - 249},
	title = {{A tree-based solver for adaptive ocean modelling}},
	volume = {16},
	year = {2007}}

@misc{nhrrc,
	howpublished = {{\url{https://research.boisestate.edu/nhrrc/}}},
	month = {Last visited December 10},
	title = {{Natural Hazards, Risk and Resiliency Consortium}},
	year = {2017}}

@article{za:2008,
	author = {Zahran, Yousef Hashem},
	journal = jmathanaapp,
	month = {Oct},
	number = {1},
	pages = {120--140},
	title = {{Central ADER schemes for hyperbolic conservation laws}},
	volume = {346},
	year = {2008}}

@article{gh-li-ro-wi-na:2016,
	author = {Pieter Ghysels and Xiaoye S. Li and Fran{\c c}ois-Henry Rouet and Samuel Williams and Artem Napov},
	journal = sisc,
	number = {5},
	pages = {S358-S384},
	title = {{An Efficient Multicore Implementation of a Novel HSS-Structured Multifrontal Solver Using Randomized Sampling}},
	volume = {38},
	year = {2016}}

@misc{gh-li-ch:2017,
	author = {Pieter Ghysels and Xiaoye S. Li and Gustavo Ch{\'a}vez},
	howpublished = {{\url{http://portal.nersc.gov/project/sparse/strumpack/}}},
	title = {{{\sc StrumPack}}},
	year = {2017}}

@article{ro-li-gh-na:2016,
	author = {Rouet, Fran\c{c}ois-Henry and Li, Xiaoye S. and Ghysels, Pieter and Napov, Artem},
	journal = toms,
	month = jun,
	number = {4},
	pages = {27:1--27:35},
	title = {{A Distributed-Memory Package for Dense Hierarchically Semi-Separable Matrix Computations Using Randomization}},
	volume = {42},
	year = {2016}}

@inproceedings{gh-sh-go-ro:2017,
	author = {Pieter Ghysels and Xiaoye Sherry and Christopher Gorman and Fran{\^}cois-Henry Rouet},
	booktitle = {IEEE International Parallel and Distributed Processing Symposium},
	month = {May 29 - June 2},
	publisher = {IEEE Computer Society},
	title = {A robust parallel preconditioner for indefinite systems using hierarchical matrices and randomized sampling},
	year = {2017}}

@misc{ya-li:2017,
	author = {Ichitaro Yamazaki and X. Sherry Li},
	howpublished = {{\url{http://portal.nersc.gov/project/sparse/pdslin/}}},
	title = {{PDSLin}},
	year = {2017}}

@misc{ma-lectures:2014,
	author = {Per-Gunnar Martinsson},
	howpublished = {{{\url{http://www.math.dartmouth.edu/~fastdirect}}}},
	month = {June 23-19},
	title = {{Fast Direct Solvers for Ellptic PDEs}},
	year = {2014}}

@inproceedings{au-ro-li:2015,
	address = {New York, NY, USA},
	author = {Austin, Brian and Roman, Eric and Li, Xiaoye},
	booktitle = {Proceedings of the 5th Workshop on Fault Tolerance for HPC at eXtreme Scale},
	pages = {19--26},
	publisher = {ACM},
	series = {FTXS '15},
	title = {{Resilient Matrix Multiplication of Hierarchical Semi-Separable Matrices}},
	year = {2015}}

@article{am-as-bo-bu-le-we:2015,
	author = {Patrick Amestoy and Cleve Ashcraft and Olivier Boiteau and Alfredo Buttari and Jean-Yves L'Excellent and Cl{\'e}ment Weisbecker},
	journal = sisc,
	number = {3},
	pages = {A1451-A1474},
	title = {{Improving Multifrontal Methods by Means of Block Low-Rank Representations}},
	volume = {37},
	year = {2015}}

@article{wa-li-ro-xi-de:2016,
	author = {Wang, Shen and Li, Xiaoye S. and Rouet, Fran\c{c}ois-Henry and Xia, Jianlin and De Hoop, Maarten V.},
	journal = toms,
	month = may,
	number = {3},
	pages = {21:1--21:21},
	title = {{A Parallel Geometric Multifrontal Solver Using Hierarchically Semiseparable Structure}},
	volume = {42},
	year = {2016}}

@article{wa-li-xi-si-ho:2013,
	author = {Shen Wang and Xiaoye S. Li and Jianlin Xia and Yingchong Situ and Maarten V. de Hoop},
	journal = sisc,
	number = {6},
	pages = {C519-C544},
	title = {{Efficient Scalable Algorithms for Solving Dense Linear Systems with Hierarchically Semiseparable Structures}},
	volume = {35},
	year = {2013}}

@book{ya-ng-li:2011,
	author = {Yamazaki, Ichitaro and Ng, Esmond and Li, Xiaoye},
	month = {Jun},
	title = {{PDSLin User Guide}},
	year = {2011}}

@article{yu-li-ya-ja-ko-ke:2013,
	author = {Xuefei Yuan and Xiaoye S Li and Ichitaro Yamazaki and Stephen C Jardin and Alice E Koniges and David E Keyes},
	journal = {Computational Science \& Discovery},
	number = {1},
	pages = {014002},
	title = {{Application of PDSLin to the magnetic reconnection problem}},
	volume = {6},
	year = {2013}}

@article{we-ki-gr-su:1995,
	author = {Wei, Ge and Kirby, James T. and Grilli, Stephan T. and Subramanya, Ravishankar},
	journal = jfm,
	pages = {71--92},
	title = {{A fully nonlinear Boussinesq model for surface waves. Part 1. Highly nonlinear unsteady waves}},
	volume = {294},
	year = {1995}}

@article{ka-ku:1998,
	author = {George Karypis and Vipin Kumar},
	journal = sisc,
	number = {1},
	pages = {359-392},
	title = {{A Fast and High Quality Multilevel Scheme for Partitioning Irregular Graphs}},
	volume = {20},
	year = {1998}}

@article{du-iv-va-si-al-ku-ma-mc-wi:2017,
	author = {Dunbar, Nelia W. and Iverson, Nels A. and Van Eaton, Alexa R. and Sigl, Michael and Alloway, Brent V. and Kurbatov, Andrei V. and Mastin, Larry G. and McConnell, Joseph R. and Wilson, Colin J. N.},
	journal = {Scientific Reports},
	number = {1},
	pages = {12238},
	title = {{New Zealand supereruption provides time marker for the Last Glacial Maximum in Antarctica}},
	volume = {7},
	year = {2017}}

@article{ge-ma-gi-fo:2017,
	author = {Geyer, A. and Marti, A. and Giralt, S. and Folch, A.},
	journal = {Scientific Reports},
	number = {1},
	pages = {16534},
	title = {{Potential ash impact from Antarctic volcanoes: Insights from Deception Island's most recent eruption}},
	volume = {7},
	year = {2017}}

@article{ca-hu-gi-ha:2015,
	author = {O. Castro-Orgaz and K. Hutter and J. V. Giraldez and W. H. Hager},
	journal = jgrearthsurf,
	pages = {1--28},
	title = {{Nonhydrostatic granular flow over 3-D terrain: New Boussinesq-type gravity waves?}},
	volume = {120},
	year = {2015}}

@article{fe-gu-lo-wi:2018,
	author = {Wenqiang Feng and Zhenlin Guo and John S. Lowengrub and Steven M. Wise},
	journal = jcp,
	number = {Supplement C},
	pages = {463 - 497},
	title = {{A mass-conservative adaptive FAS multigrid solver for cell-centered finite difference methods on block-structured, locally-Cartesian grids}},
	volume = {352},
	year = {2018}}

@article{wu-wa-wh-di:2017,
	author = {{W{\"u}nsch}, R. and {Walch}, S. and {Whitworth}, A.~P. and {Dinnbier}, F.},
	journal = {ArXiv e-prints 1708.06142},
	month = aug,
	title = {{Tree-based solvers for adaptive mesh refinement code FLASH - I: gravity and optical depths}},
	year = 2017}

@article{xu-zh:1997,
	author = {Jinchao Xu and Sheng Zhang},
	journal = mathcomp,
	month = {January},
	number = {217},
	pages = {125--138},
	title = {{Preconditioning the Poincar{\'e} -Steklov operator by using Green's Function}},
	volume = {66},
	year = {1997}}

@article{iv-ge-al-re-co-va-sc-go-ca:2015,
	author = {Iverson, R. M. and George, D. L. and Allstadt, K. and Reid, M. E. and Collins, B. D. and Vallance, J. W. and Schilling, S. P. and Godt, J. W. and Cannon, C. M. and Magirl, C. S. and Baum, R. L. and Coe, J. A. and Schulz, W. H. and Bower, J. B.},
	journal = {Earth and Planetary Science Letters},
	month = feb,
	pages = {197--208},
	title = {{Landslide mobility and hazards: implications of the 2014 Oso disaster}},
	volume = {412},
	year = {2015}}

@article{bo-ba-ch-ci-la-ma-ti:2011,
	author = {P. Bonneton and E. Barthelemy and F. Chazel and R. Cienfuegos and D. Lannes and F. Marche and M. Tissier},
	journal = eurjfluids,
	number = {6},
	pages = {589 - 597},
	title = {{Recent advances in Serre--Green Naghdi modelling for wave transformation, breaking and runup processes}},
	volume = {30},
	year = {2011}}

@article{be-go:2017,
	author = {{Berger}, M. and {Goodman}, J.},
	journal = {ArXiv e-prints (arXiv:17040.3552)},
	month = apr,
	number = {arXiv:17040.3552},
	title = {{Air-burst Generated Tsunamis}},
	year = 2017}

@techreport{mo-ve:2017,
	author = {David Morrison and Ethiraj Venkatapathy},
	institution = {{NASA}},
	month = {January},
	number = {NASA/TM-219463},
	title = {{Asteroid Generated Tsunami: Summary of NASA/NOAA Workshop}},
	type = {Technical Memorandum},
	year = {2017}}

@article{cl-du-mi:2017,
	author = {Didier Clamond and Denys Dutykh and Dimitrios Mitsotakis},
	journal = comnlsci,
	number = {Supplement C},
	pages = {245 - 257},
	title = {{Conservative modified Serre--Green--Naghdi equations with improved dispersion characteristics}},
	volume = {45},
	year = {2017}}

@article{ti-bo-ma-ch-la:2011,
	author = {Marion Tissier and Philippe Bonneton and Fabien Marche and Florent Chazel and David Lannes},
	journal = {Coastal Engineering Proceedings},
	number = {32},
	pages = {13},
	title = {{Serre-Green-Naghdi modelling of wave transformation breaking and run-up using a high-order finite-volume finite-difference scheme}},
	volume = {1},
	year = {2011}}

@article{ki-pe-lo-le:2017,
	author = {Jihwan Kim and Geir K. Pedersen and Finn L{\o}vholt and Randall J. LeVeque},
	journal = coasteng,
	number = {Supplement C},
	pages = {75 - 86},
	title = {{A Boussinesq type extension of the GeoClaw model - a study of wave breaking phenomena applying dispersive long wave models}},
	volume = {122},
	year = {2017}}

@article{be-hu:2004,
	author = {Bergen, Benjamin Karl and H{\"u}lsemann, Frank},
	journal = numlinalg,
	number = {2-3},
	pages = {279--291},
	title = {{Hierarchical hybrid grids: data structures and core algorithms for multigrid}},
	volume = {11},
	year = {2004}}

@article{gm-ru-st-wa-wo:2015,
	author = {Bj{\"o}rn Gmeiner and Ulrich R{\"u}de and Holger Stengel and Christian Waluga and Barbara Wohlmuth},
	journal = sisc,
	number = {2},
	pages = {C143-C168},
	title = {{Performance and Scalability of Hierarchical Hybrid Multigrid Solvers for Stokes Systems}},
	volume = {37},
	year = {2015}}

@inproceedings{ai-gl:2016,
	address = {Cham},
	author = {Ainsworth, Mark and Glusa, Christian},
	booktitle = {Numerical Mathematics and Advanced Applications ENUMATH 2015},
	editor = {Karas{\"o}zen, B{\"u}lent and Manguo{\u{g}}lu, Murat and Tezer-Sezgin, M{\"u}nevver and G{\"o}ktepe, Serdar and U{\u{g}}ur, {\"O}m{\"u}r},
	month = {November},
	pages = {237--253},
	publisher = {Springer International Publishing},
	series = {Lecture Notes in Computational Science and Engineering (LNCSE)},
	title = {Multigrid at Scale?},
	volume = {112},
	year = {2016}}

@article{fa-jo-ya:2005,
	author = {Falgout, Robert D. and Jones, Jim E. and Yang, Ulrike Meier},
	journal = toms,
	month = sep,
	number = {3},
	pages = {326--350},
	title = {{Pursuing Scalability for Hypre's Conceptual Interfaces}},
	volume = {31},
	year = {2005}}

@inproceedings{ba-fa-ga-ko-sc-ya:2012,
	address = {Berlin, Heidelberg},
	author = {Baker, Allison H. and Falgout, Robert D. and Gamblin, Todd and Kolev, Tzanio V. and Schulz, Martin and Yang, Ulrike Meier},
	booktitle = {Competence in High Performance Computing 2010: Proceedings of an International Conference on Competence in High Performance Computing, June 2010, Schloss Schwetzingen, Germany},
	editor = {Bischof, Christian and Hegering, Heinz-Gerd and Nagel, Wolfgang E. and Wittum, Gabriel},
	pages = {215--226},
	publisher = {Springer Berlin Heidelberg},
	title = {{Scaling Algebraic Multigrid Solvers: On the Road to Exascale}},
	year = {2011}}

@article{he-ra:1995,
	author = {Michael T. Heath and Padma Raghavan},
	journal = simaa,
	number = {1},
	pages = {235-253},
	title = {{A Cartesian Parallel Nested Dissection Algorithm}},
	volume = {16},
	year = {1995}}

@article{du-re:1983,
	author = {Duff, I. S. and Reid, J. K.},
	journal = toms,
	month = sep,
	number = {3},
	pages = {302--325},
	title = {{The Multifrontal Solution of Indefinite Sparse Symmetric Linear}},
	volume = {9},
	year = {1983}}

@phdthesis{mi:2017,
	author = {Talin Mirzakhanian},
	month = {May},
	school = {Boise State University},
	title = {{Multi-rate Runge-Kutta-Chebyshev Time Stepping for Parabolic Equations on Adaptively Refined Meshes}},
	type = {{Master of Science in Mathematics}},
	year = {2017}}

@article{co-ma-gr-ra-br-gl-pa-ng-li:2013,
	author = {Stephen L. Cornford and Daniel F. Martin and Daniel T. Graves and Douglas F. Ranken and Anne M. Le Brocq and Rupert M. Gladstone and Antony J. Payne and Esmond G. Ng and William H. Lipscomb},
	journal = jcp,
	number = {1},
	pages = {529 - 549},
	title = {{Adaptive mesh, finite volume modeling of marine ice sheets}},
	volume = {232},
	year = {2013}}

@inbook{fa-jo-ya:2006,
	author = {R.D. Falgout and J.E. Jones and U.M. Yang},
	chapter = {{The Design and Implementation of hypre, a Library of Parallel High Performance Preconditioners}},
	editor = {A.M. Bruaset and A. Tveito},
	pages = {267-294},
	publisher = {Springer-Verlag},
	title = {{Numerical Solution of Partial Differential Equations on Parallel Computers}},
	volume = {51},
	year = {2006}}

@inbook{fa-ya:2002,
	author = {R.D. Falgout and U.M. Yang},
	chapter = {Part III},
	editor = {P.M.A. Sloot and C.J.K. Tan and J.J. Dongarra, and A.G. Hoekstra},
	pages = {632-641},
	publisher = {Springer-Verlag},
	series = {Computational Science - ICCS},
	title = {{hypre: a Library of High Performance Preconditioners}},
	type = {{UCRL-JC-146175}},
	volume = {2331},
	year = {2002}}

@periodical{da:2017,
	author = {Paul Davis},
	journal = {SIAM News},
	title = {Adaptive Mesh Refinement: An Essential Ingredient in Computational Science},
	volume = {50},
	year = {2017}}

@article{gr:2005,
	author = {John B. Greer},
	journal = jsc,
	number = {3},
	title = {An Improvement of a Recent Eulerian Method for Solving PDEs on General Geometries∗},
	volume = {29,},
	year = {2005}}

@article{sa:1972,
	author = {Robert Sadourny},
	journal = mwr,
	number = {2},
	pages = {136-144},
	title = {{Conservative Finite-Difference Approximations of the Primitive Equations on Quasi-Uniform Spherical Grids}},
	volume = {100},
	year = {1972}}

@inproceedings{du-br-ca:2018,
	address = {Vancouver, WA},
	author = {Dmitry Duplyakin and Jed Brown and Donna Calhoun},
	booktitle = {32nd IEEE International Parallel and Distributed Processing Symposium (IPDPS)},
	month = {May 21-25},
	title = {{Evaluating Active Learning with Cost and Memory Awareness}},
	year = {2018}}

@article{se-oz-ay:2015,
	author = {R. Oguz Selvitopi and Muhammet Mustafa Ozdal and Cevdet Aykanat},
	journal = ieeepardist,
	month = {March},
	number = {3},
	title = {{A Novel Method for Scaling Iterative Solvers: Avoiding Latency Overhead of Parallel Sparse-Matrix Vector Multiplies}},
	volume = {26},
	year = {2015}}

@techreport{zh-gu-li:2012,
	author = {Sheng-Xin Zhua and Tong-Xiang Guc and Xing-Ping Liuc},
	institution = {Oxford Centre for Collaborative and Applied Mathematics},
	month = {August},
	number = {12/81},
	title = {Inner product computation for sparse iterative solvers on distributed supercomputer},
	year = {2012}}

@article{et-gr:2001,
	author = {Frank Ethridge and Leslie Greengard},
	journal = sisc,
	number = {3},
	pages = {741-760},
	title = {{A New Fast-Multipole Accelerated Poisson Solver in Two Dimensions}},
	volume = {23},
	year = {2001}}

@article{ma-ro:2005,
	author = {P.G. Martinsson and V. Rokhlin},
	journal = jcp,
	number = {1},
	pages = {1 - 23},
	title = {{A fast direct solver for boundary integral equations in two dimensions}},
	volume = {205},
	year = {2005}}

@article{mc-ul-jo-co:2015,
	author = {Peter McCorquodale and Paul A. Ullrich and Hans Johansen and Phillip Colella},
	journal = camcos,
	number = {2},
	title = {{An Adaptive Multiblock High-Order Finite-Volume Method for solving the shallow-water equations on the sphere }},
	volume = {10},
	year = {2015}}

@techreport{ad-co-gr-jo-ke-li-mc-mo-sc:2015,
	address = {Berkeley, CA},
	author = {M. Adams and P. Colella and D. T. Graves and J.N. Johnson and N.D. Keen and T. J. Ligocki and D. F. Martin. P.W. McCorquodale and D. Modiano and P.O. Schwartz and T.D. Sternberg and B. Van Straalen},
	institution = {Lawrence Berkeley National Laboratory},
	month = {December 7},
	number = {LBNL-6616E},
	title = {{Chombo Software Package for AMR Applications - Design Document}},
	year = {2015}}

@article{ch-gi-ma-ro:2005,
	author = {H. Cheng and Z. Gimbutas and P. G. Martinsson and V. Rokhlin},
	journal = sisc,
	number = {4},
	pages = {1389-1404},
	title = {{On the Compression of Low Rank Matrices}},
	volume = {26},
	year = {2005}}

@article{gu-ei:1996,
	author = {Ming Gu and Stanley C. Eisenstat},
	journal = sisc,
	number = {4},
	pages = {848-869},
	title = {{Efficient Algorithms for Computing a Strong Rank-Revealing QR Factorization}},
	volume = {17},
	year = {1996}}

@article{ma:2008,
	author = {{Martinsson}, P.-G.},
	journal = {ArXiv e-prints},
	month = jun,
	number = {0806.2339},
	title = {{Rapid factorization of structured matrices via randomized sampling}},
	year = 2008}

@article{ma:2011,
	author = {P. G. Martinsson},
	journal = simaa,
	number = {4},
	pages = {1251-1274},
	title = {{A Fast Randomized Algorithm for Computing a Hierarchically Semiseparable Representation of a Matrix}},
	volume = {32},
	year = {2011}}

@article{ma:2009,
	author = {Martinsson, Per-Gunnar},
	journal = jsc,
	month = {Mar},
	number = {3},
	pages = {316--330},
	title = {{A Fast Direct Solver for a Class of Elliptic Partial Differential Equations}},
	volume = {38},
	year = {2009}}

@article{sa-vo:2000,
	author = {Yousef Saad and Henk A. van der Vorst},
	journal = jcompappm,
	number = {1},
	pages = {1 - 33},
	title = {{Iterative solution of linear systems in the 20th century}},
	volume = {123},
	year = {2000}}

@article{st:1991,
	author = {Z. Strako\^s},
	journal = linalgapp,
	number = {Supplement C},
	pages = {535 - 549},
	title = {On the real convergence rate of the conjugate gradient method},
	volume = {154-156},
	year = {1991}}

@article{ha-ma-tr:2011,
	author = {N. Halko and P. G. Martinsson and J. A. Tropp},
	journal = sirev,
	number = {2},
	pages = {217-288},
	title = {{Finding Structure with Randomness: Probabilistic Algorithms for Constructing Approximate Matrix Decompositions}},
	volume = {53},
	year = {2011}}

@article{xi:2013,
	author = {Jianlin Xia},
	journal = simaa,
	number = {1},
	pages = {197-227},
	title = {Randomized Sparse Direct Solvers},
	volume = {34},
	year = {2013}}

@article{am-da:2013,
	author = {Ambikasaran, Sivaram and Darve, Eric},
	journal = jsc,
	month = dec,
	number = {3},
	pages = {477--501},
	title = {{An {$\mathcal O (N \log N) O(N\log N)$} Fast Direct Solver for Partial Hierarchically Semi-Separable Matrices}},
	volume = {57},
	year = {2013}}

@article{ma:2016,
	author = {Per-Gunnar Martinsson},
	journal = sisc,
	number = {4},
	pages = {A1959-A1986},
	title = {{Compressing Rank-Structured Matrices via Randomized Sampling}},
	volume = {38},
	year = {2016}}

@article{xi-ch-gu-li:2010a,
	author = {Xia, Jianlin and Chandrasekaran, Shivkumar and Gu, Ming and Li, Xiaoye S.},
	journal = numlinalg,
	number = {6},
	pages = {953--976},
	title = {Fast algorithms for hierarchically semiseparable matrices},
	volume = {17},
	year = {2010}}

@conference{ya-ra-bo-ho-he-to:2014,
	author = {Ichitaro Yamazaki and Sivasankaran Rajamanickam and Erik G. Boman and Mark Hoemmen and Michael A. Heroux and Stanimire Tomov},
	booktitle = {SC14: International Conference for High Performance Computing, Networking, Storage and Analysis},
	month = {16-21 November},
	publisher = {IEEE Computer Society},
	title = {{Domain Decomposition Preconditioners for Communication-Avoiding Krylov Methods on a Hybrid CPU/GPU Cluster}},
	year = {2014}}

@conference{ba-ma-ra-me-bu-bi:2016,
	address = {Salt Lake City, Utah, USA},
	author = {Arash Bakhtiari and Dhairya Malhotra and Amir Raoofy and Miriam Mehl and Hans-Joachim Bungartz and George Biros},
	booktitle = {SC '16: Proceedings of the International Conference for High Performance Computing, Networking, Storage and Analysis},
	month = {13-19 November},
	number = {978-1-4673-8815-3/16},
	publisher = {IEEE},
	title = {{A Parallel Arbitrary-Order Accurate AMR Algorithm for the Scalar Advection-Diffusion Equation}},
	year = {2016}}

@inproceedings{wi-ka-si-de-st-sm-al-du-sh:2012,
	address = {Salt Lake City, Utah, USA},
	author = {Samuel Williams and Dhiraj D. Kalamkar and Amik Singh and Anand M. Deshpande and Brian Van Straalen and Mikhail Smelyanskiy and Ann Almgren and Pradeep Dubey and John Shalf and Leonid Oliker},
	booktitle = {SC'12 : Proceedings of the International Conference on High Performance Computing, Networking, Storage and Analysis},
	month = {November 10-16},
	number = {978-1-4673-0806-9/12},
	organization = {IEEE},
	title = {{Optimization of Geometric Multigrid for Emerging Multi- and Manycore Processors }},
	year = {2012}}

@article{ad-br-kn-sa:2016,
	author = {Mark F. Adams and Jed Brown and Matt Knepley and Ravi Samtaney},
	journal = sisc,
	number = {4},
	pages = {C426-C440},
	title = {{Segmental Refinement: A Multigrid Technique for Data Locality}},
	volume = {38},
	year = {2016}}

@article{li-ro-ta:1979,
	author = {Richard J. Lipton and Donald J. Rose and Robert Endre Tarjan},
	journal = sinum,
	number = {2},
	pages = {346-358},
	title = {{Generalized Nested Dissection}},
	volume = {16},
	year = {1979}}

@article{du-er-re:1976,
	author = {I. S. Duff and A. M. Erisman and J. K. Reid},
	journal = sinum,
	number = {5},
	pages = {686-695},
	title = {{On George's Nested Dissection Method}},
	volume = {13},
	year = {1976}}

@article{ge:1973,
	author = {Alan George},
	journal = sinum,
	number = {2},
	pages = {345-363},
	title = {{Nested Dissection of a Regular Finite Element Mesh}},
	volume = {10},
	year = {1973}}

@article{am-du-le-ko:2001,
	author = {Patrick R. Amestoy and Iain S. Duff and Jean-Yves L'Excellent and Jacko Koster},
	journal = simaa,
	number = {1},
	pages = {15-41},
	title = {{A Fully Asynchronous Multifrontal Solver Using Distributed Dynamic Scheduling}},
	volume = {23},
	year = {2001}}

@inbook{qu-va:1991,
	author = {Quarteroni, A. and Valli, A.},
	chapter = {{Theory and Application of Steklov-Poincar{\'e} Operators for Boundary-Value Problems : The Heterogenous Operator Case}},
	editor = {Renato Spigler},
	pages = {179 -- 203},
	publisher = {Springer},
	series = {Mathematics and Its Applications},
	title = {{Applied and Industrial Mathematics}},
	volume = {56},
	year = {1991}}

@article{ag:1986,
	author = {V. I. Agoshkov},
	journal = {GMMP},
	pages = {73 -- 112},
	title = {{Poincar\'e Steklov Operators and Domain Decomposition Methods in Finite Dimensional Spaces}},
	year = {1986}}

@article{du:2000,
	author = {Iain S. Duff},
	journal = compam,
	number = {1},
	pages = {515 - 530},
	title = {{The impact of high-performance computing in the solution of linear systems: trends and problems}},
	volume = {123},
	year = {2000}}

@article{ha-ma:2016,
	author = {Sijia Hao and Per-Gunnar Martinsson},
	journal = compam,
	pages = {419 - 434},
	title = {{A direct solver for elliptic PDEs in three dimensions based on hierarchical merging of Poincar\'e-Steklov operators}},
	volume = {308},
	year = {2016}}

@article{gi-ge:2017,
	author = {{Gillman}, A. and {Geldermans}, P.},
	journal = {ArXiv e-prints},
	month = oct,
	title = {{An adaptive high order direct solution technique for elliptic boundary value problems}},
	year = 2017}

@article{xi-ch-gu-li:2010,
	author = {Jianlin Xia and Shivkumar Chandrasekaran and Ming Gu and Xiaoye S. Li},
	journal = simaa,
	number = {3},
	pages = {1382-1411},
	title = {{Superfast Multifrontal Method for Large Structured Linear Systems of Equations}},
	volume = {31},
	year = {2010}}

@article{ch-de-gu-so:2010,
	author = {S. Chandrasekaran and P. Dewilde and M. Gu and N. Somasunderam},
	journal = simaa,
	number = {5},
	pages = {2261-2290},
	title = {{On the Numerical Rank of the Off-Diagonal Blocks of Schur Complements of Discretized Elliptic PDEs}},
	volume = {31},
	year = {2010}}

@article{sh-wa-xi:2016,
	author = {Jie Shen and Yingwei Wang and Jianlin Xia},
	journal = sisc,
	number = {1},
	pages = {A28-A54},
	title = {{Fast Structured Direct Spectral Methods for Differential Equations with Variable Coefficients, I. The One-Dimensional Case}},
	volume = {38},
	year = {2016}}

@article{li:1992,
	author = {Joseph W. H. Liu},
	journal = {SIAM Review},
	number = {1},
	pages = {82-109},
	title = {{The Multifrontal Method for Sparse Matrix Solution: Theory and Practice}},
	volume = {34},
	year = {1992}}

@inbook{ch-tu-ke:2017,
	address = {Cham},
	author = {Ch{\'a}vez, Gustavo and Turkiyyah, George and Keyes, David E.},
	editor = {Lee, Chang-Ock and Cai, Xiao-Chuan and Keyes, David E. and Kim, Hyea Hyun and Klawonn, Axel and Park, Eun-Jae and Widlund, Olof B.},
	pages = {135--143},
	publisher = {Springer International Publishing},
	title = {{A Direct Elliptic Solver Based on Hierarchically Low-Rank Schur Complements}},
	year = {2017}}

@article{sc-yi:2012,
	author = {Phillip G. Schmitz and Lexing Ying},
	journal = jcp,
	number = {4},
	pages = {1314 - 1338},
	title = {{A fast direct solver for elliptic problems on general meshes in 2D}},
	volume = {231},
	year = {2012}}

@article{ho-ca-li-me-si-pi-zi:2016,
	author = {Hoffman, C. M. and Canfield, J. and Linn, R. R. and Mell, W. and Sieg, C. H. and Pimont, F. and Ziegler, J.},
	journal = {Fire Technology},
	month = {Jan},
	number = {1},
	pages = {221--237},
	title = {{Evaluating Crown Fire Rate of Spread Predictions from Physics-Based Models}},
	volume = {52},
	year = {2016}}

@misc{matlab-mapping-toolbox,
	howpublished = {User Manual},
	title = {Matlab Mapping Toolbox}}

@article{ba-gi-ha-ma:2016,
	author = {T. Babb and A. Gillman and S. Hao and P.G. Martinsson},
	journal = {arXiv:1612.02736},
	title = {{An accelerated Poisson solver based on multidomain spectral discretization}},
	year = {2016}}

@article{ha-se:2017,
	author = {Jaber J. Hasbestan and Inanc Senocak},
	journal = jcp,
	number = {Supplement C},
	pages = {473 - 477},
	title = {{A short note on the use of the red--black tree in Cartesian adaptive mesh refinement algorithms}},
	volume = {351},
	year = {2017}}

@conference{so-la-sp-ba-ca:2015,
	author = {Mohammed Sourouri and Johannes Langguth and Filippo Spiga and Scott B. Baden and Xing Cai},
	booktitle = {2015 IEEE 18th International Conference on Computational Science and Engineering},
	title = {{CPU+GPU Programming of Stencil Computations for Resource-Efficient Use of GPU Clusters}},
	year = {2015}}

@conference{ma-be-ba:2017,
	address = {Orlando, FL},
	author = {Sergio M. Martin and Marsha J. Berger and Scott B. Baden},
	booktitle = {31th International Parallel and Distributed Processing Symposium (IPDPS'17)},
	title = {Toucan - A Translator for Communication Tolerant MPI Applications},
	year = {2017}}

@conference{ni-ha-bo-ye:2009,
	author = {Rajesh Nishtala and Paul H. Hargrove and Dan O. Bonachea and Katherine A. Yelick},
	booktitle = {{23rd International Parallel \& Distributed Processing Symposium (IPDPS)}},
	title = {{Scaling Communication-Intensive Applications on BlueGene/P Using One-Sided Communication and Overlap}},
	year = {2009}}

@article{mi:2013,
	author = {William F. Mitchell},
	journal = appcomp,
	number = {Supplement C},
	pages = {350 - 364},
	title = {{A collection of 2D elliptic problems for testing adaptive grid refinement algorithms}},
	volume = {220},
	year = {2013}}

@article{gr-ha:2003,
	author = {Lars Grasedyck and Wolfgang Hackbusch},
	journal = {Computing},
	pages = {295--334},
	title = {Construction and Arithmetics of H-Matrices},
	volume = {70},
	year = {2003}}

@article{sc-yi:2014,
	author = {Phillip G. Schmitz and Lexing Ying},
	journal = jcp,
	number = {Supplement C},
	pages = {227 - 245},
	title = {{A fast nested dissection solver for Cartesian 3D elliptic problems using hierarchical matrices}},
	volume = {258},
	year = {2014}}

@article{daai:2005,
	author = {Clint Dawson and Aizinger},
	year = {2005}}

@article{gi-ma:2014,
	author = {A. Gillman and P. G. Martinsson},
	journal = sisc,
	number = {4},
	pages = {A2023-A2046},
	title = {{A Direct Solver with $O(N)$ Complexity for Variable Coefficient Elliptic PDEs Discretized via a High-Order Composite Spectral Collocation Method}},
	volume = {36},
	year = {2014}}

@article{ma:2015,
	author = {Martinsson, P.~G.},
	journal = {ArXiv e-prints (150601308M)},
	month = jun,
	title = {{The Hierarchical Poincare-Steklov (HPS) solver for elliptic PDEs: A tutorial}},
	year = 2015}

@article{li-mi-aa-si:2016,
	author = {Liu, Haixiang and Mitchell, Nathan and Aanjaneya, Mridul and Sifakis, Eftychios},
	journal = amcgraphics,
	month = nov,
	number = {6},
	pages = {201:1--201:12},
	title = {{A Scalable Schur-complement Fluids Solver for Heterogeneous Compute Platforms}},
	volume = {35},
	year = {2016}}

@article{cu-li:2007,
	author = {Cunningham, Philip and Linn, Rodman R.},
	journal = jgratmos,
	number = {D5},
	pages = {1-17},
	title = {Numerical simulations of grass fires using a coupled atmosphere-fire model: Dynamics of fire spread},
	volume = {112},
	year = {2007}}

@article{fi-bo-ma-la-mo-cu-ve-ca-ba:2009,
	author = {Jean Baptiste Filippi and Fre{\'}de{\'}ric Bosseur and Ce{\'}line Mari and Christine Lac and Patrick Le Moigne and Be{\'}ne{\'}dicte Cuenot and Denis Veynante and Daniel Cariolle and Jacques-Henri Balbi},
	journal = james,
	number = {11},
	pages = {9 pp},
	title = {Coupled Atmosphere--Wildland Fire Modelling},
	volume = {1},
	year = {2009}}

@article{cl-co-la:2004,
	author = {Terry L. Clark and Janice L. Coen and Don Latham},
	journal = ijwf,
	pages = {49-63},
	title = {{Description of a coupled atmosphere-fire model}},
	volume = {13},
	year = {2004}}

@techreport{co:2013,
	address = {National Center for Atmospheric Research P.O. Box 3000 Boulder, Colorado 80307-3000},
	author = {Janice L. Coen},
	institution = {NCAR},
	month = {February},
	number = {NCAR/TN-500+STR},
	title = {{Modeling Wildland Fires: A Description of the Coupled Atmosphere-Wildland Fire Environment Model (CAWFE)}},
	type = {NCAR Technical Note},
	year = {2013}}

@article{re-me:2009,
	author = {Rehm, Ronald G. and Mell, William},
	journal = ijwf,
	number = {{3}},
	pages = {{290-301}},
	title = {{A simple model for wind effects of burning structures and topography on wildland-urban interface surface-fire propagation}},
	volume = {{18}},
	year = {{2009}}}

@article{bo-me-ho:2016,
	author = {Bova, Anthony S. and Mell, William E. and Hoffman, Chad M.},
	journal = ijwf,
	number = {2},
	pages = {229-241},
	title = {{A comparison of level set and marker methods for the simulation of wildland fire front propagation}},
	volume = {25},
	year = {{2016}}}

@article{me-je-go-ch:2007,
	author = {Mell, William and Jenkins, Mary Ann and Gould, Jim and Cheney, Phil},
	journal = ijwf,
	pages = {1-22},
	title = {A physics-based approach to modelling grassland fires},
	volume = {16},
	year = {2007}}

@article{co-ca-mi-pa-ri-ye:2013,
	author = {Janice L. Coen and Marques Cameron and John Michalakes and Edward G. Patton and Philip J. Riggan and Kara M. Yedinak},
	journal = jamc,
	number = {1},
	pages = {16-38},
	title = {{WRF-Fire: Coupled Weather--Wildland Fire Modeling with the Weather Research and Forecasting Model}},
	volume = {52},
	year = {2013}}

@article{bl-du:2008,
	author = {Peter N. Blossey and Dale R. Durran},
	journal = jcp,
	number = {10},
	pages = {5160 - 5183},
	title = {{Selective monotonicity preservation in scalar advection}},
	volume = {227},
	year = {2008}}

@article{sk-ga:2011,
	author = {William C. Skamarock and Almut Gassmann},
	journal = mwr,
	number = {9},
	pages = {2962-2975},
	title = {{Conservative Transport Schemes for Spherical Geodesic Grids: High-Order Flux Operators for ODE-Based Time Integration}},
	volume = {139},
	year = {2011}}

@article{gh-kh-fo:2017,
	author = {M. Gharib and M. Khezri and S.J. Foster},
	journal = amm,
	pages = {220 - 242},
	title = {{Meshless and analytical solutions to the time-dependent advection-diffusion-reaction equation with variable coefficients and boundary conditions}},
	volume = {49},
	year = {2017}}

@article{ni-ro:2016,
	author = {Hiroaki Nishikawa and Philip L. Roe},
	journal = caf,
	pages = {71 - 81},
	title = {Third-order active-flux{ scheme for advection diffusion: Hyperbolic diffusion, boundary condition, and Newton solver}},
	volume = {125},
	year = {2016}}

@article{er-la-ga-tu:2012,
	author = {Christoph Erath and Peter H. Lauritzen and Jose H. Garcia and Henry M. Tufo},
	journal = {Procedia Computer Science},
	pages = {994 - 1003},
	title = {{Integrating a scalable and effcient semi-Lagrangian multi-tracer transport scheme in HOMME}},
	volume = {9},
	year = {2012}}

@article{er-na:2014,
	author = {Christoph Erath and Ramachandran D. Nair},
	journal = jcp,
	pages = {118 - 134},
	title = {{A conservative multi-tracer transport scheme for spectral-element spherical grids}},
	volume = {256},
	year = {2014}}

@article{li-ca-br:2009,
	author = {Jing-Rebecca Li and Donna Calhoun and Lucien Brush},
	journal = jcp,
	number = {24},
	pages = {8945 - 8957},
	title = {{Efficient thermal field computation in phase-field models}},
	volume = {228},
	year = {2009}}

@article{er-ta-na:2016a,
	author = {Erath, C. and Taylor, M. and Nair, R.},
	journal = {Communications in Applied and Industrial Mathematics},
	number = {3},
	pages = {74-98},
	title = {{Two conservative multi-tracer efficient semi-Lagrangian schemes for multiple processor systems integrated in a spectral element (climate) dynamical core}},
	volume = {7},
	year = {2016}}

@article{fe-ja-jo-mc-co-ul:2016,
	author = {Jared O. Ferguson and Christiane Jablonowski and Hans Johansen and Peter McCorquodale and Phillip Colella and Paul A. Ullrich},
	journal = mwr,
	number = {12},
	pages = {4641-4666},
	title = {{Analyzing the Adaptive Mesh Refinement (AMR) Characteristics of a High-Order 2D Cubed-Sphere Shallow-Water Model}},
	volume = {144},
	year = {2016}}

@article{st-ja-de-tu-th:2008,
	author = {Amik St-Cyr and Christiane Jablonowski and John M. Dennis and Henry M. Tufo and Stephen J. Thomas},
	journal = mwr,
	number = {6},
	pages = {1898-1922},
	title = {{A Comparison of Two Shallow-Water Models with Non-conforming Adaptive Grids}},
	volume = {136},
	year = {2008}}

@article{ha-la-mi:2011,
	author = {Lucas M. Harris and Peter H. Lauritzen and Rashmi Mittal},
	journal = jcp,
	number = {4},
	pages = {1215 - 1237},
	title = {{A flux-form version of the conservative semi-Lagrangian multi-tracer transport scheme (CSLAM) on the cubed sphere grid}},
	volume = {230},
	year = {2011}}

@article{na-la:2010,
	author = {Ramachandran D. Nair and Peter H. Lauritzen},
	journal = jcp,
	number = {23},
	pages = {8868 - 8887},
	title = {{A class of deformational flow test cases for linear transport problems on the sphere}},
	volume = {229},
	year = {2010}}

@article{la-na-ul:2010,
	author = {Peter H. Lauritzen and Ramachandran D. Nair and Paul A. Ullrich},
	journal = jcp,
	number = {5},
	pages = {1401 - 1424},
	title = {{A conservative semi-Lagrangian multi-tracer transport scheme (CSLAM) on the cubed-sphere grid}},
	volume = {229},
	year = {2010}}

@article{za-ja-th-ta:2015,
	author = {Colin M. Zarzycki and Christiane Jablonowski and Diana R. Thatcher and Mark A. Taylor},
	journal = {Journal of Climate},
	number = {7},
	pages = {2777-2803},
	title = {{Effects of Localized Grid Refinement on the General Circulation and Climatology in the Community Atmosphere Model}},
	volume = {28},
	year = {2015}}

@article{ve:1996,
	author = {J.G. Verwer},
	journal = anm,
	number = {1},
	pages = {359 - 379},
	title = {{Explicit Runge-Kutta methods for parabolic partial differential equations}},
	volume = {22},
	year = {1996}}

@misc{me-bo-ho-mi:2013,
	author = {William Mell and Tony Bova and Chad Hoffman and Tom Milac},
	howpublished = {Talk from website},
	month = {February 21},
	title = {{New Scientific Investments & Approaches to Fire Modeling}},
	year = {2013}}

@article{po:2015,
	author = {St\'ephane Popinet},
	journal = jcp,
	pages = {336 - 358},
	title = {{A quadtree-adaptive multigrid solver for the Serre--Green--Naghdi equations}},
	volume = {302},
	year = {2015}}

@techreport{wa:2008,
	address = {Technical Service Center Denver, Colorado},
	author = {Wayne J. Graham, P.E.},
	institution = {U.S. Department of the Interior Bureau of Reclamation},
	month = {July 30},
	title = {{The Teton Dam Failure- An Effective Warning and Evacuation}},
	year = {2008}}

@article{be-be-sa-we:1994,
	author = {John Bell and Marsha Berger and Jeff Saltzman and Mike Welcome},
	journal = sisc,
	number = {1},
	pages = {127-138},
	title = {Three-Dimensional Adaptive Mesh Refinement for Hyperbolic Conservation Laws},
	volume = {15},
	year = {1994}}

@article{wa-do-sh:2015,
	author = {Cheng Wang and XinZhuang Dong and Chi-Wang Shu},
	journal = jcp,
	pages = {161 - 175},
	title = {{Parallel adaptive mesh refinement method based on WENO finite difference scheme for the simulation of multi-dimensional detonation}},
	volume = {298},
	year = {2015}}

@article{ge:2011,
	author = {George, D. L.},
	journal = ijnmf,
	number = {8},
	pages = {1000--1018},
	title = {{Adaptive finite volume methods with well-balanced Riemann solvers for modeling floods in rugged terrain: Application to the Malpasset dam-break flood (France, 1959)}},
	volume = {66},
	year = {2011}}

@inproceedings{zh-gr:2012,
	author = {Jason Z. X. Zheng and Clinton P. T. Groth},
	booktitle = {{Seventh International Conference on ICCFD7-2504 Computational Fluid Dynamics (ICCFD7)}},
	month = {July 9-13},
	title = {{Block-Based Adaptive Mesh Refinement Finite-Volume Scheme for Hybrid Multi-Block Meshes}},
	year = {2012}}

@article{ke-wa:2014,
	author = {DavidI. Ketcheson and Umair Bin Waheed},
	journal = camcos,
	number = {2},
	title = {{A comparison of high-order explicit Runge-Kutta, Extrapolation and Deferred Correction methods in serial and parallel}},
	volume = {9},
	year = {2014}}

@article{ba:2017,
	author = {Christopher Batty},
	journal = jcp,
	pages = {49 -- 72},
	title = {{A cell-centred finite volume method for the Poisson problem on non-graded quadtrees with second order accurate gradients}},
	volume = {331},
	year = {2017}}

@article{ja-sa-da-al-mo-et-lo-sp:2016,
	author = {Jahdi, Roghayeh and Salis, Michele and Darvishsefat, Ali A. and Alcasena, Fermin and Mostafavi, Mir A. and Etemad, V. and Lozano, Olga M. and Spano, Donatella},
	journal = {Forestry},
	number = {2},
	pages = {136-149},
	title = {{Evaluating fire modelling systems in recent wildfires of the Golestan National Park, Iran}},
	volume = {89},
	year = {2016}}

@article{me-ma-mc-ma:2009,
	author = {William Mell and Alexander Maranghides and Randall McDermott and Samuel L. Manzello},
	journal = combflame,
	number = {10},
	pages = {2023 - 2041},
	title = {{Numerical simulation and experiments of burning douglas fir trees}},
	volume = {156},
	year = {2009}}

@article{ma-be-be-co-do-ki-vo:2008,
	author = {Jan Mandel and Lynn S. Bennethum and Jonathan D. Beezley and Janice L. Coen and Craig C. Douglas and Minjeong Kim and Anthony Vodacek},
	journal = mathcompsim,
	number = {3},
	pages = {584 - 606},
	title = {{A wildland fire model with data assimilation}},
	volume = {79},
	year = {2008}}

@article{ab-me:2001,
	author = {Abdulle, Assyr and Medovikov, Alexei A.},
	journal = nummath,
	number = {1},
	pages = {1--18},
	title = {{Second order Chebyshev methods based on orthogonal polynomials}},
	volume = {90},
	year = {2001}}

@article{du-br-ri:2016,
	author = {Dmitry Duplyakin and Jed Brown and Robert Ricci},
	journal = {IEEE Cluster},
	title = {{Active Learning in Performance Analysis}},
	year = {2016}}

@article{mu-wh-gl:1995,
	author = {B.T. Murray and A.A. Wheeler and M.E. Glicksman},
	journal = {Journal of Crystal Growth},
	pages = {386-400},
	title = {Simulations of experimentally observed dendritic growth behavior using a phase-field model},
	volume = {154},
	year = {1995}}

@article{sh-fa:1999,
	author = {G. J. Sharpe and S. A. E. G. Falle},
	journal = {Proc. R. Soc. Lond. A},
	pages = {1203--1214},
	title = {{One-dimensional numerical simulations of idealized detonations}},
	volume = {455},
	year = {1999}}

@techreport{ba:1971,
	author = {Bakker, M.},
	institution = {Centrum Wiskunde \& Informatica},
	number = {Stichting Mathematisch Centrum. Toegepaste Wiskunde-TN 62/71},
	title = {{Analytisch {Aspekten} {Van} {Een} {Minimaxprobleem}}},
	type = {CWI Technical Report},
	year = {1971}}

@article{ba-bu-he-kr:2011,
	author = {Bangerth, Wolfgang and Burstedde, Carsten and Heister, Timo and Kronbichler, Martin},
	journal = toms,
	number = {2},
	pages = {1--28},
	title = {{Algorithms and Data Structures for Massively Parallel Generic Adaptive Finite Element Codes}},
	volume = 38,
	year = 2012}

@article{ba-he:2013,
	author = {Wolfgang Bangerth and Timo Heister},
	journal = {Computational Science & Discovery},
	number = {1},
	pages = {015010},
	title = {{What makes computational open source software libraries successful?}},
	volume = {6},
	year = {2013}}

@article{zi:2008,
	author = {U. Ziegler},
	journal = cpcomm,
	number = {4},
	pages = {227 - 244},
	title = {{The NIRVANA code: Parallel computational MHD with adaptive mesh refinement}},
	volume = {179},
	year = {2008}}

@article{zi:1998,
	author = {Udo Ziegler},
	journal = cpcomm,
	number = {2},
	pages = {111 - 134},
	title = {{NIRVANA+: An adaptive mesh refinement code for gas dynamics and MHD}},
	volume = {109},
	year = {1998}}

@article{ho-be:1997,
	author = {Louis H. Howell and John B. Bell},
	journal = sisc,
	number = {4},
	pages = {996-1013},
	title = {{An Adaptive Mesh Projection Method for Viscous Incompressible Flow}},
	volume = {18},
	year = {1997}}

@inbook{ow-gu-ga:2016,
	author = {Landon D. Owen and Stephen M. Guzik and Xinfeng Gao},
	month = {2016/09/20},
	publisher = {American Institute of Aeronautics and Astronautics},
	title = {{A Fourth-Order Viscous Operator on Mapped Grids}},
	year = {2016}}

@article{ga-ow-gu:2016,
	author = {Gao, Xinfeng. and Owen, Landon. D. and Guzik, Stephen. M.},
	journal = ijnmf,
	pages = {n/a--n/a},
	title = {{A parallel adaptive numerical method with generalized curvilinear coordinate transformation for compressible Navier--Stokes equations}},
	year = {2016}}

@article{be:1987,
	author = {Marsha J. Berger},
	journal = sinum,
	number = {5},
	pages = {967-984},
	title = {{On Conservation at Grid Interfaces}},
	volume = {24},
	year = {1987}}

@article{du-an-ga-re-ri-sh-si-we:2009,
	author = {Anshu Dubey and Katie Antypas and Murali K. Ganapathy and Lynn B. Reid and Katherine Riley and Dan Sheeler and Andrew Siegel and Klaus Weide},
	journal = {Parallel Computing},
	number = {10--11},
	pages = {512 - 522},
	title = {{Extensible component-based architecture for FLASH, a massively parallel, multiphysics simulation code}},
	volume = {35},
	year = {2009}}

@article{fi-ka-la-du-pl-ca-ca-co-fo:2008,
	author = {Fisher, R. T. and Kadanoff, L. P. and Lamb, D. Q. and Dubey, A. and Plewa, T. and Calder, A. and Cattaneo, F. and Constantin, P. and Foster, I. and Papka, M. E. and Abarzhi, S. I. and Asida, S. M. and Rich, P. M. and Glendening, C. C. and Antypas, K. and Sheeler, D. J. and Reid, L. B. and Gallagher, B. and Needham, S. G.},
	journal = ibm,
	month = January/March,
	number = {1/2},
	pages = {127--136},
	title = {{Terascale Turbulence Computation Using the FLASH3 Application Framework on the IBM Blue Gene/L System}},
	volume = {52},
	year = {2008}}

@inproceedings{we-su-co-ye-ke:2007,
	author = {T. Wen and J. Su and P. Colella and K. Yelick and N. Keen},
	booktitle = {Supercomputing, 2007. SC '07. Proceedings of the 2007 ACM/IEEE Conference on},
	month = {Nov},
	pages = {1-12},
	title = {{An adaptive mesh refinement benchmark for modern parallel programming languages}},
	year = {2007}}

@inproceedings{ro-he-ha-be-cu-be-fu-sc-ad:2013,
	address = {New York, NY, USA},
	author = {Rossinelli, Diego and Hejazialhosseini, Babak and Hadjidoukas, Panagiotis and Bekas, Costas and Curioni, Alessandro and Bertsch, Adam and Futral, Scott and Schmidt, Steffen J. and Adams, Nikolaus A. and Koumoutsakos, Petros},
	booktitle = {Proceedings of the International Conference on High Performance Computing, Networking, Storage and Analysis},
	pages = {3:1--3:13},
	publisher = {ACM},
	series = {SC '13},
	title = {{11 PFLOP/s Simulations of Cloud Cavitation Collapse}},
	year = {2013}}

@article{fe-sp:2005,
	author = {Ferracina, L. and Spijker, M. N.},
	journal = mathcomp,
	number = {249},
	pages = {201--219},
	title = {{An extension and analysis of the {S}hu-{O}sher representation of {R}unge-{K}utta methods}},
	volume = {74},
	year = {2005}}

@article{hi:2005,
	author = {Inmaculada Higueras},
	journal = sinum,
	number = {3},
	pages = {924-948},
	title = {{Representations of Runge--Kutta Methods and Strong Stability Preserving Methods}},
	volume = {43},
	year = {2005}}

@techreport{sm-pr-ry-ca-sa-an:2015,
	author = {Curtis Smith and Steven Prescott and Emerald Ryan and Donna Calhoun and Ramprasad Sampath and S Danielle Anderson},
	institution = {Idaho National Laboratory Idaho Falls},
	month = {October},
	number = {INL/EXT-15-37091},
	title = {{Flooding Capability for River-based Scenarios}},
	year = {2015}}

@article{ma-ah-be-ca-ge-ha-ke-le-le:2016,
	author = {Kyle T. Mandli and Aron. J. Ahmadia and Marsha Berger and Donna Calhoun and David L. George and Yannis Hadjimichael and David I. Ketcheson and Grady I. Lemoine and Randall J. LeVeque},
	journal = peerjcs,
	month = {August 8},
	number = {68},
	title = {{Clawpack: Building an open source ecosystem for solving hyperbolic PDEs}},
	volume = {2},
	year = {2016}}

@article{ke-ah:2012,
	author = {David I. Ketcheson and Aron J. Ahmadia},
	journal = camcos,
	number = {2},
	title = {Optimal stability polynomials for numerical integration of initial value problems},
	volume = {7},
	year = {2012}}

@article{to-je:2007,
	author = {Torrilhon, Manuel and Jeltsch, Rolf},
	journal = nummath,
	number = {2},
	pages = {303--334},
	title = {{Essentially optimal explicit Runge--Kutta methods with application to hyperbolic--parabolic equations}},
	volume = {106},
	year = {2007}}

@article{sa-mo-ak-pr-sm:2016,
	author = {Sampath, Ramprasad and Montanari, Niels and Akinci, Nadir and Prescott, Steven and Smith, Curtis},
	journal = {Journal of Ocean Engineering and Marine Energy},
	pages = {1--17},
	title = {{Large-scale solitary wave simulation with implicit incompressible SPH}},
	year = {2016}}

@inproceedings{sr-li-sa:2007,
	address = {San Diego, CA, USA},
	author = {Srivastava, Anurag and Linford, John C. and Sandu, Adrian},
	booktitle = {Proceedings of the 2007 Spring Simulation Multiconference - Volume 2},
	pages = {350--356},
	publisher = {Society for Computer Simulation International},
	series = {SpringSim '07},
	title = {{Performance of Stabilized Explicit Time Integration Methods for Parallel Air Quality Models}},
	year = {2007}}

@article{le:1996,
	author = {Randall J. LeVeque},
	journal = sinum,
	number = {2},
	pages = {627-665},
	title = {{High-Resolution Conservative Algorithms for Advection in Incompressible Flow}},
	volume = {33},
	year = {1996}}

@book{la:1973,
	author = {Lax, Peter D.},
	publisher = {Society for Industrial and Applied Mathematics},
	title = {{Hyperbolic Systems of Conservation Laws and the Mathematical Theory of Shock Waves}},
	year = {1973}}

@inproceedings{ta-ch-ku-lu-le:2011,
	address = {San Jose, California, USA},
	author = {Yuan Tang and Rezaul Chowdhury and Bradley C. Kuszmaul and Chi-Keung Luk and Charles E. Leiserson},
	booktitle = {{SPAA '11 Proceedings of the 23rd ACM Symposium on Parallelism in Algorithms and Architectures}},
	month = {June 4--6},
	organization = {Association for Computing Machinery},
	title = {{The Pochoir Stencil Compiler}},
	year = {2011}}

@unpublished{fo-ro:2008,
	author = {Fok, P. W. and Rosales, R. R.},
	month = oct,
	note = {http://arxiv.org/abs/0810.2517},
	title = {{Multirate integration of axisymmetric step-flow equations}},
	year = 2008}

@inproceedings{la-li-mi-pa-ka-ri:2012,
	author = {A. Langer and J. Lifflander and P. Miller and K. C. Pan and L. V. Kal{\'e} and P. Ricker},
	booktitle = {Computer Architecture and High Performance Computing (SBAC-PAD), 2012 IEEE 24th International Symposium on},
	month = {Oct},
	pages = {100-107},
	title = {{Scalable Algorithms for Distributed-Memory Adaptive Mesh Refinement}},
	year = {2012}}

@article{gh-hi-ma-bi:2015,
	author = {Amir Gholami and Judith Hill and Dhairya Malhotra and George Biros},
	journal = {CoRR},
	title = {AccFFT: {A} library for distributed-memory {FFT} on {CPU} and {GPU} architectures{AccFFT: A library for distributed-memory FFT on CPU and GPU architectures}},
	volume = {abs/1506.07933},
	year = {2015}}

@unpublished{gr:2014,
	author = {Leopold Grinberg},
	note = {ICSC 2014, Shanghai, China},
	title = {Roofline Model},
	year = {2014}}

@techreport{as-bo-ca-ge-hu-ke-pa-pl-sh:2006,
	author = {Asanovic, Krste and Bodik, Ras and Catanzaro, Bryan Christopher and Gebis, Joseph James and Husbands, Parry and Keutzer, Kurt and Patterson, David A. and Plishker, William Lester and Shalf, John and Williams, Samuel Webb and Yelick, Katherine A.},
	institution = {EECS Department, University of California, Berkeley},
	month = {December 18},
	number = {UCB/EECS-2006-183},
	title = {{The Landscape of Parallel Computing Research: A View from Berkeley}},
	year = {2006}}

@article{wi-wa-pa:2009,
	author = {Williams, Samuel and Waterman, Andrew and Patterson, David},
	journal = commacm,
	month = apr,
	number = {4},
	pages = {65--76},
	title = {{Roofline: An Insightful Visual Performance Model for Multicore Architectures}},
	volume = {52},
	year = {2009}}

@inproceedings{ba-ha-wi-st-ol-co:2015,
	address = {Washington, DC, USA},
	author = {Basu, Protonu and Hall, Mary and Williams, Samuel and Straalen, Brian Van and Oliker, Leonid and Colella, Phillip},
	booktitle = {Proceedings of the 2015 IEEE International Parallel and Distributed Processing Symposium},
	pages = {313--323},
	publisher = {IEEE Computer Society},
	series = {IPDPS '15},
	title = {{Compiler-Directed Transformation for Higher-Order Stencils}},
	year = {2015}}

@inproceedings{ba-wi-va-ol-ha:2014,
	address = {New York, NY, USA},
	author = {Basu, Protonu and Williams, Samuel and Van Straalen, Brian and Oliker, Leonid and Hall, Mary},
	booktitle = {Proceedings of the Second Workshop on Optimizing Stencil Computations},
	pages = {9--16},
	publisher = {ACM},
	series = {WOSC '14},
	title = {{Converting Stencils to Accumulations For Communication-Avoiding Optimization in Geometric Multigrid}},
	year = {2014}}

@article{kr-qu:2011,
	author = {Mary Catherine A. Kropinski and Bryan D. Quaife},
	journal = jcp,
	number = {2},
	pages = {425 - 434},
	title = {{Fast integral equation methods for the modified Helmholtz equation}},
	volume = {230},
	year = {2011}}

@article{ch-hu-le:2006,
	author = {Hongwei Cheng and Jingfang Huang and Terry Jo Leiterman},
	journal = jcp,
	number = {2},
	pages = {616 -- 637},
	title = {{An adaptive fast solver for the modified Helmholtz equation in two dimensions}},
	volume = {211},
	year = {2006}}

@unpublished{ve-slides,
	author = {Jan Verwer},
	note = {slides},
	title = {Runge-Kutta-Chebyshev method RKC and new extensions},
	year = {2004}}

@article{gu-la:1960,
	author = {A. Guillou and B. Lago},
	journal = {AFCAL},
	pages = {43--56},
	title = {{Domaine de stabilit\'e associ\'e aux formules d'int\'egration num\'erique d'\'equations diff\'erentielles, a pas s\'epar\'es et a pas li\'es}},
	year = {1960}}

@article{ve-so:2004,
	author = {J. G. Verwer and B. P. Sommeijer},
	journal = sisc,
	number = {5},
	pages = {1824-1835},
	title = {{An Implicit-Explicit Runge--Kutta--Chebyshev Scheme for Diffusion-Reaction Equations}},
	volume = {25},
	year = {2004}}

@book{mo:2004,
	author = {Moler, C.},
	publisher = {Society for Industrial and Applied Mathematics},
	title = {{Numerical Computing with Matlab}},
	year = {2004}}

@book{ka-mo-na:1989,
	address = {Englewood Cliffs, New Jersey 07632},
	author = {David Kahaner and Cleve Moler and Stephen Nash},
	publisher = {Prentice-Hall Inc.},
	title = {{Numerical Methods and Software}},
	year = {1989}}

@article{fr-ca:1980,
	author = {F. N. Fritsch and R. E. Carlson},
	journal = sinum,
	number = {2},
	pages = {238-246},
	title = {{Monotone Piecewise Cubic Interpolation}},
	volume = {17},
	year = {1980}}

@article{sc-ts-ch:2010,
	author = {Hsi-Yu Schive and Yu-Chih Tsai and Tzihong Chiueh},
	journal = astrosupp,
	pages = {457--484},
	title = {{GAMER: A Graphic Processing Unit Accelerated Adaptive-Mesh-Refinement Code for Astrophysics}},
	volume = {186},
	year = {2010}}

@article{ve-hu-so:1990,
	author = {J. G. Verwer and W. H. Hunsdorfer and B. P. Sommeijer},
	journal = nummath,
	pages = {157--178},
	title = {{Convergence properties of the Runge-Kutta-Chebyshev Method}},
	volume = {57},
	year = {1990}}

@inproceedings{mu-ko-ma-wi-is-gi:2016,
	author = {Andreas M{\"u}ller and Michal A. Kopera and Simone Marras and Lucas C. Wilcox and Tobin Isaac and Francis X. Giraldo},
	organization = {30th IEEE International Parallel \& Distributed Processing Symposium (submitted)},
	publisher = {arXiv:1511.01561},
	title = {{Strong Scaling for Numerical Weather Prediction at Petascale with the Atmospheric Model NUMA}},
	year = {2016}}

@article{me-wi:1967,
	author = {C. Mesztenyi and C. Witzgall},
	journal = nbs,
	month = {January},
	number = {1},
	title = {{Stable Evaluation of Polynomials}},
	volume = {71},
	year = {1967}}

@article{go-we:1969,
	author = {Gene H. Golub and John H. Welsch},
	title = {{Calculation of Gauss Quadrature Rules}},
	year = {1969}}

@article{al:1999,
	author = {Bradley K. Alpert},
	journal = sisc,
	number = {5},
	pages = {1551-1584},
	title = {{Hybrid Gauss-Trapezoidal Quadrature Rules}},
	volume = {20},
	year = {1999}}

@article{di-su:2008,
	author = {Ditkowski, Adi and Suhov, Alexander},
	journal = pnas,
	number = {31},
	pages = {10646-10648},
	title = {{Near-field infinity-simulating boundary conditions for the heat equation}},
	volume = {105},
	year = {2008}}

@article{su-di:2011,
	author = {Alexander Y. Suhov and Adi Ditkowski},
	journal = sisc,
	number = {4},
	pages = {1765-1784},
	title = {{Artificial Boundary Conditions for the Simulation of the Heat Equation in an Infinite Domain}},
	volume = {33},
	year = {2011}}

@article{al-gr-ha:2000,
	author = {Bradley Alpert and Leslie Greengard and Thomas Hagstrom},
	journal = sinum,
	number = {4},
	pages = {1138-1164},
	title = {{Rapid Evaluation of Nonreflecting Boundary Kernels for Time-Domain Wave Propagation}},
	volume = {37},
	year = {2000}}

@article{wu-su:2004,
	author = {Xiaonan Wu and Zhi-Zhong Sun},
	journal = anm,
	number = {2},
	pages = {261 - 277},
	title = {Convergence of difference scheme for heat equation in unbounded domains using artificial boundary condition},
	volume = {50},
	year = {2004}}

@article{al-gr-ha:2002,
	author = {Bradley Alpert and Leslie Greengard and Thomas Hagstrom},
	journal = jcp,
	number = {1},
	pages = {270 - 296},
	title = {{Nonreflecting Boundary Conditions for the Time-Dependent Wave Equation}},
	volume = {180},
	year = {2002}}

@techreport{be-ga-ho-gu-ga-he-ja:2014,
	author = {D. A. Beckingsale and W. P. Gaudin and R. D. Hornung and B. T. Gunney and T. Gamblin and J. A. Herdman and S. A. Jarvis},
	institution = {{Lawrence Livermore National Laboratory}},
	month = {November},
	number = {LLNL-TR-664446},
	title = {{Parallel Block Structured Adaptive Mesh Refinement on Graphics Processing Units}},
	year = {2014}}

@article{sa-br-li:2014,
	author = {S{\ae}tra, Martin L. and Brodtkorb, Andr{\'e} R. and Lie, Knut-Andreas},
	journal = jsc,
	number = {1},
	pages = {23--48},
	title = {{Efficient GPU-Implementation of Adaptive Mesh Refinement for the Shallow-Water Equations}},
	volume = {63},
	year = {2014}}

@unpublished{bu-is:2015,
	author = {Carsten Burstedde and Tobin Isaac},
	note = {http://arxiv.org/abs/1505.05055},
	title = {{Morton curve segments produce no more than two distinct face-connected subdomains}},
	year = {2015}}

@article{co-jo-ev-wo-ca:2015,
	author = {W.D. Collins and H. Johansen and K.J. Evans and C.S. Woodward and P.M. Caldwell},
	journal = {Procedia Computer Science},
	pages = {2006 - 2015},
	title = {{Progress in Fast, Accurate Multi-scale Climate Simulations}},
	volume = {51},
	year = {2015}}

@article{ja-oe-st:2009,
	author = {Jablonowski, Christiane and Oehmke, Robert C. and Stout, Quentin F.},
	journal = ptrs,
	number = {1907},
	pages = {4497--4522},
	title = {{Block-structured adaptive meshes and reduced grids for atmospheric general circulation models}},
	volume = {367},
	year = {2009}}

@misc{sa:2015,
	author = {Jason Samenow},
	howpublished = {Washington Post},
	month = {April 20th},
	title = {{Air Force plans to drop US forcast system for U.K. model draws criticism}},
	year = 2015}

@url{mpas:slides,
	lastchecked = {November 30, 2015},
	title = {{MPAS Tutorial practice guide}},
	urldate = {November 30, 2015}}

@article{dr:2009,
	author = {Droegemeier, Kelvin K},
	journal = ptrs,
	number = {1890},
	pages = {885--904},
	title = {{Transforming the sensing and numerical prediction of high-impact local weather through dynamic adaptation}},
	volume = {367},
	year = {2009}}

@misc{to:2015,
	author = {Fred Toepfer},
	month = {August},
	title = {{Next Generation Global Prediction System (NGGPS)}},
	year = {2015}}

@article{ha-li:2012,
	author = {Harris, Lucas M. and Lin, Shian-Jiann},
	journal = mwr,
	month = {2015/11/30},
	number = {1},
	pages = {283--306},
	title = {{A Two-Way Nested Global-Regional Dynamical Core on the Cubed-Sphere Grid}},
	volume = {141},
	year = {2012}}

@proceedings{br:2015,
	address = {NOAA Weather and Climate Center College Park, MD, USA},
	month = {January 27-29},
	organization = {The Parameterization of Moist Processes for Next- Generation Weather Prediction Models Workshop January 27-29, 2015},
	title = {Ten-year Prospective for Numerical Weather Prediction},
	year = {2015}}

@article{st-wo:2008,
	author = {Andrew Staniforth and Nigel Wood},
	journal = jcp,
	number = {7},
	pages = {3445 - 3464},
	title = {{Aspects of the dynamical core of a nonhydrostatic, deep-atmosphere, unified weather and climate-prediction model}},
	volume = {227},
	year = {2008}}

@article{zh-ho-al-bu-be:2011,
	author = {W. Zhang and L. Howell and A. Almgren and A. Burrows and J. Bell},
	journal = {The Astrophysical Journal Supplement Series},
	number = {2},
	pages = {20},
	title = {{CASTRO: A New Compressible Astrophysical Solver. II. Gray Radiation Hydrodynamics}},
	volume = {196},
	year = {2011}}

@article{al-be-be-da-ho-jo-li-no-si:2010,
	author = {A. S. Almgren and V. E. Beckner and J. B. Bell and M. S. Day and L. H. Howell and C. C. Joggerst and M. J. Lijewski and A. Nonaka and M. Singer and M. Zingale},
	journal = astro,
	number = {2},
	pages = {1221},
	title = {{CASTRO: A New Compressible Astrophysical Solver. I. Hydrodynamics and Self-gravity}},
	volume = {715},
	year = {2010}}

@article{ri-th-kl-sk:2010,
	author = {T.D. Ringler and J. Thuburn and J.B. Klemp and W.C. Skamarock},
	journal = jcp,
	number = {9},
	pages = {3065 - 3090},
	title = {{A unified approach to energy conservation and potential vorticity dynamics for arbitrarily-structured C-grids}},
	volume = {229},
	year = {2010}}

@article{sl-ba-ni-pi-ro-sh-st-vi-we:2009,
	author = {Slingo, Julia and Bates, Kevin and Nikiforakis, Nikos and Piggott, Matthew and Roberts, Malcolm and Shaffrey, Len and Stevens, Ian and Vidale, Pier Luigi and Weller, Hilary},
	journal = ptrs,
	number = {1890},
	pages = {815--831},
	title = {{Developing the next-generation climate system models: challenges and achievements}},
	volume = {367},
	year = {2009}}

@inproceedings{lu-be:2010,
	author = {Luitjens, J. and Berzins, M.},
	booktitle = {Parallel Distributed Processing (IPDPS), 2010 IEEE International Symposium on},
	month = {April},
	pages = {1-10},
	title = {{Improving the performance of Uintah: A large-scale adaptive meshing computational framework}},
	year = {2010}}

@inproceedings{ru-ma-st-gu-st-in-be-cu-gh:2015,
	author = {Johann Rudi and A. Cristiano I. Malossi and Tobin Isaac and Georg Stadler and Michael Gurnis and Peter W. J. Staar and Yves Ineichen and Costas Bekas and Alessandro Curioni and Omar Ghattas},
	booktitle = {Proceedings of the International Conference for High Performance Computing, Networking, Storage and Analysis},
	month = {November 15-20},
	title = {{An Extreme-Scale Implicit Solver for Complex PDEs: Highly Heterogeneous Flow in Earth's Mantle }},
	year = {2015}}

@article{te:2002,
	author = {Roman Teyssier},
	journal = {Astronomy and Astrophysics},
	pages = {337-364},
	title = {{Cosmology Hydrodynamics with adaptive mesh refinement. A new high resolution code called RAMSES}},
	volume = {385},
	year = {2002}}

@article{zh-pe:2006,
	author = {Zheng, Zheming and Petzold, Linda},
	journal = jcp,
	month = {12},
	number = {2},
	pages = {976--991},
	title = {{Runge--Kutta--Chebyshev projection method}},
	volume = {219},
	year = {2006}}

@phdthesis{cr:2011,
	author = {Cyril Crassin},
	month = {Juillet},
	school = {UNIVERSIT{\'E} DE GRENOBLE},
	title = {GigaVoxels: A Voxel-Based Rendering Pipeline For Efficient Exploration Of Large And Detailed Scenes},
	year = {2011}}

@inbook{ey-ga-he:2003,
	author = {Robert Eymard and Thierry Gallou{\"e}t and Rapha{\`e}le Herbin},
	editor = {P.G. Ciarlet and J.L. Lions},
	month = {January},
	pages = {713-1020},
	series = {Handbook of Numerical Analysis},
	title = {{Finite Volume Methods}},
	volume = {7},
	year = {2003}}

@article{de-mo:1979,
	author = {Dey, A. and Morrison, H. F.},
	journal = {Geophysics},
	number = {4},
	pages = {753-780},
	title = {{Resistivity modeling for arbitrarily shaped three-dimensional structures}},
	volume = {44},
	year = {1979}}

@article{ke-ma-ah-al-lu-pa-kn-em:2012,
	author = {David I. Ketcheson and Kyle Mandli and Aron J. Ahmadia and Amal Alghamdi and Manuel Quezada de Luna and Matteo Parsani and Matthew G. Knepley and Matthew Emmett},
	journal = sisc,
	number = {4},
	pages = {C210-C231},
	title = {{PyClaw: Accessible, Extensible, Scalable Tools for Wave Propagation Problems}},
	volume = {34},
	year = {2012}}

@inproceedings{ak-ih-ak-so-te:2012,
	author = {N. Akinci and M. Ihmsen and G. Akinci and B. Solenthaler and M. Teschner},
	booktitle = {ACM Trans. Graph. (SIGGRAPH Proc.)},
	publisher = {Association for Computing Machinery (ACM)},
	title = {{Versatile Rigid-Fluid Coupling for Incompressible SPH}},
	year = {2012}}

@article{wi-dr-ha-ja-sw:1992,
	author = {David L. Williamson and John B. Drake and James J. Hack and R{\~A}{\OE}diger Jakob and Paul N. Swarztrauber},
	journal = jcp,
	number = {1},
	pages = {211 - 224},
	title = {A standard test set for numerical approximations to the shallow water equations in spherical geometry},
	volume = {102},
	year = {1992}}

@misc{se-ca-sh-wr:2015,
	author = {Inanc Senocak and Donna A. Calhoun and Elena Sherman and Grady B. Wright},
	howpublished = {Third Annual SI2 Principal Investigators (PI) Workshop, Arlington VA. (poster presentation)},
	month = {February 17-18},
	title = {{SI2-SSE: GEM3D: Open-source Cartesian adaptive complex terrain atmospheric flow solver for GPU clusters}},
	year = {2015}}

@article{ya-ko-ch:2009,
	author = {Yamazaki, Yoshiki and Kowalik, Zygmunt and Cheung, Kwok Fai},
	journal = ijnmf,
	number = {5},
	pages = {473--497},
	title = {{Depth-integrated, non-hydrostatic model for wave breaking and run-up}},
	volume = {61},
	year = {2009}}

@article{lo-pe-ba-ku-br-ha:2012,
	author = {F. L{\o}vholt and G. Pedersen and S. Bazin and D. K\"uhnuhn and R. E. Bredesen and C. Harbitz},
	journal = jgr,
	number = {C3},
	title = {Stochastic analysis of tsunami runup due to heterogeneous coseismic slip and dispersion},
	volume = {117},
	year = {2012}}

@article{fl-le-bl-wr-st:2012,
	author = {Natasha Flyer and Erik Lehto and Sabastien Blaise and Grady B. Wright and Amik St-Cyr},
	journal = jcp,
	number = {11},
	pages = {4078 - 4095},
	title = {{A guide to RBF-generated finite differences for nonlinear transport: Shallow water simulations on a sphere}},
	volume = {231},
	year = {2012}}

@article{ga-sc-po:2004,
	author = {Galewsky, Joseph and Scott, Richard K. and Polvani, Lorenzo M.},
	journal = {Tellus A},
	number = {5},
	pages = {429--440},
	title = {{An initial-value problem for testing numerical models of the global shallow-water equations}},
	volume = {56},
	year = {2004}}

@phdthesis{ki:2014,
	author = {Jihwan Kim},
	school = {University of Washington},
	title = {Finite Volume Methods for Tsunamis Generated by Submarine Landslides},
	year = {2014}}

@article{gl-pe-ha-lo:2013,
	author = {S. Glimsdal and G. K. Pedersen and C. B. Harbitz and F. L{\o}vholt},
	journal = {Nat. Hazards Earth Syst. Sci.},
	pages = {1507--1526},
	title = {{Dispersion of tsunamis: does it really matter?}},
	volume = {13},
	year = {2013}}

@article{sh-ki-ha-ge-gr:2012,
	author = {Fengyan Shi and James T. Kirby and Jeffrey C. Harris and Joseph D. Geiman and Stephan T. Grilli},
	journal = {Ocean Modelling},
	number = {0},
	pages = {36--51},
	title = {{A high-order adaptive time-stepping TVD solver for Boussinesq modeling of breaking waves and coastal inundation}},
	volume = {43--44},
	year = {2012}}

@article{ti-bo-ma-ch-la:2012,
	author = {M. Tissier and Philippe Bonneton and F. Marche and F. Chazel and David Lannes},
	journal = {Coastal Engineering},
	number = {0},
	pages = {54 - 66},
	title = {{A new approach to handle wave breaking in fully non-linear Boussinesq models}},
	volume = {67},
	year = {2012}}

@article{ma-sc:1998,
	author = {Madsen, P. A. and Sch{\"a}ffer, H. A.},
	journal = ptrs,
	number = {1749},
	pages = {3123--3181},
	title = {{Higher-order Boussinesq-type equations for surface gravity waves: derivation and analysis}},
	volume = {356},
	year = {1998}}

@article{la-bo:2009,
	author = {David Lannes and Philippe Bonneton},
	journal = jcp,
	pages = {016601-1-9},
	title = {{Derivation of asymptotic two-dimensional time-dependent equations for surface water wave propagation}},
	volume = {21},
	year = {2009}}

@article{pe:1983,
	author = {D. H. Peregrine},
	journal = {Ann. Rev. Fluid Mech.},
	pages = {149--78},
	title = {Breaking waves on beaches},
	volume = {15},
	year = {1983}}

@article{la-ma:2015,
	author = {David Lannes and F. Marche},
	journal = jcp,
	pages = {238--268},
	title = {{A new class of fully nonlinear and weakly dispersive Green-Naghdi models for efficient 2d simulations}},
	volume = {282},
	year = {2015}}

@article{pu-ho:2010,
	author = {Alwafi Pujiraharjo and Tokuzo Hosoyamada},
	journal = {{International Journal of Civil \& Environmental Engineering}},
	number = {67},
	title = {{Dispersive Study on Tsunami Propagation of The Indian Ocean Tsunami, 26 December 2004}},
	volume = {10},
	year = {2010}}

@article{ed-tr-su:2014,
	author = {H. Carter Edwards and Christian R. Trott and Daniel Sunderland},
	journal = {Journal of Parallel and Distributed Computing},
	number = {12},
	pages = {3202 - 3216},
	title = {{Kokkos: Enabling manycore performance portability through polymorphic memory access patterns}},
	volume = {74},
	year = {2014}}

@inproceedings{le-gi:2014,
	author = {Arno Leist and Andrew Gilman},
	booktitle = {The Ninth International Multi-Conference on Computing in the Global Information Technology},
	title = {{A Comparative Analysis of Parallel Programming Models for C++}},
	year = {2014}}

@article{bo-ch-la-ma-ti:2011,
	author = {Philippe Bonneton and F. Chazel and David Lannes and F. Marche and M. Tissier},
	journal = jcp,
	number = {4},
	pages = {1479 - 1498},
	title = {{A splitting approach for the fully nonlinear and weakly dispersive Green-Naghdi model}},
	volume = {230},
	year = {2011}}

@article{ch-sh:2008,
	author = {Juan Cheng and Chi-Wang Shu},
	journal = {Applied Numerical Mathematics},
	number = {7},
	pages = {1042 - 1060},
	title = {{A high order accurate conservative remapping method on staggered meshes}},
	volume = {58},
	year = {2008}}

@article{du-ba:2000,
	author = {John K. Dukowicz and John R. Baumgardner},
	journal = jcp,
	number = {1},
	pages = {318 - 335},
	title = {{Incremental Remapping as a Transport/Advection Algorithm}},
	volume = {160},
	year = {2000}}

@article{we-ji:2013,
	author = {Wei, Zhangping and Jia, Yafei},
	journal = ijnmf,
	number = {11},
	pages = {976--1000},
	title = {{A depth-integrated non-hydrostatic finite element model for wave propagation}},
	volume = {73},
	year = {2013}}

@article{gu-ta-ul-ov-le:2014,
	author = {Guba, O. and Taylor, Mark A. and Ullrich, Paul A. and Overfelt, J. R. and Levy, M. N.},
	journal = gmd,
	number = {6},
	pages = {2803--2816},
	title = {{The spectral element method (SEM) on variable-resolution grids: evaluating grid sensitivity and resolution-aware numerical viscosity}},
	volume = {7},
	year = {2014}}

@techreport{nggps:2014,
	institution = {NOAA},
	month = {October 10},
	title = {Next Generation Global Prediction System},
	year = {2014}}

@article{gi-ke-co:2013,
	author = {Francis X. Giraldo and J. F. Kelly and E. M. Constantinescu},
	journal = sisc,
	number = {5},
	pages = {B1162-B1194},
	title = {Implicit-Explicit Formulations of a Three-Dimensional Nonhydrostatic Unified Model of the Atmosphere (NUMA)},
	volume = {35},
	year = {2013}}

@article{mi-za-tz-st-co-bo:2012,
	author = {A. Mignone and C. Zanni and P. Tzeferacos and Brian Van Straalen and Phillip Colella and G. Bodo},
	journal = {The Astrophysical Journal Supplement Series},
	number = {1},
	pages = {7},
	title = {{The PLUTO Code for Adaptive Mesh Computations in Astrophysical Fluid Dynamics}},
	volume = {198},
	year = {2012}}

@inproceedings{bo:2012,
	address = {New York, NY, USA},
	author = {Boehm, Hans-J.},
	booktitle = {Proceedings of the 2012 ACM Workshop on Relaxing Synchronization for Multicore and Manycore Scalability},
	pages = {9--14},
	publisher = {ACM},
	series = {RACES '12},
	title = {{Position Paper: Nondeterminism is Unavoidable, but Data Races Are Pure Evil}},
	year = {2012}}

@inproceedings{bo:2005,
	address = {New York, NY, USA},
	author = {Boehm, Hans-J.},
	booktitle = {Proceedings of the 2005 ACM SIGPLAN Conference on Programming Language Design and Implementation},
	pages = {261--268},
	publisher = {ACM},
	series = {PLDI '05},
	title = {{Threads Cannot Be Implemented As a Library}},
	year = {2005}}

@article{ma-ke-fe:2009,
	author = {V. Mallet and D. E. Keyes and F. E. Fendell},
	journal = cma,
	number = {7},
	pages = {1089 - 1101},
	title = {{Modeling wildland fire propagation with level set methods}},
	volume = {57},
	year = {2009}}

@article{li-pe:2004,
	author = {Shengtai Li and Linda Petzold},
	journal = jcp,
	number = {1},
	pages = {310 - 325},
	title = {{Adjoint sensitivity analysis for time-dependent partial differential equations with adaptive mesh refinement}},
	volume = {198},
	year = {2004}}

@article{ma-bo-th-vi-br:2007,
	author = {Mangeney, A. and Bouchut, F. and Thomas, N. and Vilotte, J. P. and Bristeau, M. O.},
	journal = jgrearth,
	number = {F2},
	title = {{Numerical modeling of self-channeling granular flows and of their levee-channel deposits}},
	volume = {112},
	year = {2007}}

@phdthesis{cl:2010,
	author = {M. M. Clark},
	school = {BYU},
	title = {DEVELOPMENT AND EVALUATION OF A SUB-GRID COMBUSTION MODEL FOR A LANDSCAPE SCALE 3-D WILDLAND FIRE SIMULATOR},
	year = {2010}}

@article{me-ma-ma-bu-re:2010,
	author = {Mell, W. E. and Manzello, S. L. and Maranghides, A. and Butry, D. and Rehm, R. G.},
	journal = {Int. J. Wildland Fire},
	number = {2},
	pages = {238 - 251},
	title = {The wildland--urban interface fire problem -- current approaches and research needs},
	volume = {19},
	year = {2010}}

@article{fo-bu-wa:2014,
	author = {Forthofer, Jason M. and Butler, Bret W. and Wagenbrenner, Natalie S.},
	journal = {International Journal of Wildland Fire},
	number = {7},
	pages = {969--981},
	title = {{A comparison of three approaches for simulating fine-scale surface winds in support of wildland fire management. Part I. Model formulation and comparison against measurements}},
	volume = {23},
	year = {2014}}

@article{wa-re:2015,
	author = {Qiuju Wang and Yu-Xin Ren},
	journal = jcp,
	number = {0},
	pages = {648 - 667},
	title = {{An accurate and robust finite volume scheme based on the spline interpolation for solving the Euler and Navier--Stokes equations on non-uniform curvilinear grids}},
	volume = {284},
	year = {2015}}

@article{ch-wu:2013,
	author = {Chen, Sheng-Gwo and Wu, Jyh-Yang},
	journal = sisc,
	number = {2},
	pages = {A719-A739},
	title = {{Discrete Conservation Laws on Curved Surfaces}},
	volume = {35},
	year = {2013}}

@article{ch-wu:2014,
	author = {Chen, Sheng-Gwo and Wu, Jyh-Yang},
	journal = sisc,
	number = {4},
	pages = {A1813-A1830},
	title = {{Discrete Conservation Laws on Curved Surfaces II: A Dual Approach}},
	volume = {36},
	year = {2014}}

@article{zh-sa:2014,
	author = {Zhang, H. and Sandu, A.},
	journal = sisc,
	number = {5},
	pages = {C504-C523},
	title = {{FATODE: A Library for Forward, Adjoint, and Tangent Linear Integration of ODEs}},
	volume = {36},
	year = {2014}}

@article{zh-sa:2012,
	author = {Hong Zhang and Adrian Sandu},
	month = {November 12},
	title = {{FATODE-1.0 User Guide}},
	year = {2012}}

@article{br-kn-sm:2014,
	author = {Jed Brown and Matthew G. Knepley and Barry F. Smith},
	journal = arxiv,
	month = {July 10},
	number = {arXiv:1407.2905},
	title = {{Run-time extensibility and librarization of simulation software}},
	year = {2014}}

@article{mc-co:2011,
	author = {Peter McCorquodale and Phillip Colella},
	journal = Camcos,
	number = {1},
	title = {{A high-order finite volume method for conservation laws on locally refined grids}},
	volume = {6},
	year = {2011}}

@article{vo-es-bo-ch-ki-sh:2011,
	author = {Vos, Peter E. J. and Eskilsson, Claes and Bolis, Alessandro and Chun, Sehun and Kirby, Robert M. and Sherwin, Spencer J.},
	journal = ijcfd,
	number = {3},
	pages = {107-125},
	title = {{A generic framework for time-stepping partial differential equations (PDEs): general linear methods, object-oriented implementation and application to fluid problems}},
	volume = {25},
	year = {2011}}

@proceedings{af-be-mu:2004,
	address = {Reno, NV},
	month = {January 10-13},
	organization = {AIAA 2004-Abstract},
	title = {{Applications of Space-Filling Curves to Cartesian Methods for CFD}},
	volume = {42nd Aeorspace Sciences},
	year = {2004}}

@article{ba-yo:2013,
	author = {Lorena A. Barba and Rio Yokota},
	journal = {SIAM News},
	month = {July/August},
	number = {6},
	title = {How Will the Fast Multipole Method Fare in the Exascale Era?},
	volume = {46},
	year = {2013}}

@article{lu-to-ga-ap:2013,
	author = {Charles H. Luce and Daniele Tonina and Frank Gariglio and Ralph Applebee},
	journal = wrr,
	pages = {488--506},
	title = {Solutions for the diurnally forced advection-diffusion equation to estimate bulk fluid velocity and diffusivity in streambeds from temperature time series},
	volume = {49},
	year = {2013}}

@article{ne-bu-me-ne-we:2012,
	author = {Philipp Neumann and Hans-Joachim Bungartz and Miriam Mehl and Tobias Neckel and Tobias Weinzierl},
	journal = {Commun. Comput. Phys.},
	month = {July},
	number = {1},
	pages = {65-84},
	title = {{A Coupled Approach for Fluid Dynamic Problems Using the PDE Framework Peano}},
	volume = {12},
	year = {2012}}

@article{du-st:2014,
	author = {Dubey, A and Brian Van Straalen},
	journal = {Journal of Open Research Software},
	number = {1},
	pages = {1-5},
	title = {{Experiences from Software Engineering of Large Scale AMR Multiphysics Code Frameworks}},
	volume = {2},
	year = {2014}}

@article{du-al-be-be-br-br-co-gr-li:2014,
	author = {Anshu Dubey and Ann Almgren and Bell, John B. and Martin Berzins and Steve Brandt and Greg Bryan and Phillip Colella and Daniel Graves and Michael Lijewski and Frank L{\"a}ffler and Brian O{\^a}Shea and Erik Schnetter and Brian Van Straalen and Klaus Weide},
	journal = {Journal of Parallel and Distributed Computing},
	number = {12},
	pages = {3217 - 3227},
	title = {{A survey of high level frameworks in block-structured adaptive mesh refinement packages}},
	volume = {74},
	year = {2014}}

@article{zh-zh-ji:2013,
	author = {Jian Zhang and Lei Zhang and Chaowei Jiang},
	journal = {Procedia Engineering},
	number = {0},
	pages = {233 - 240},
	title = {{A Parallel Overlapping Curvilinear AMR Grids Management Tool based on PARAMESH}},
	volume = {61},
	year = {2013}}

@article{ro-ba-le:2004,
	author = {James A. Rossmanith and Derek S. Bale and Randall J. LeVeque},
	journal = jcp,
	number = {2},
	pages = {631 - 662},
	title = {A wave propagation algorithm for hyperbolic systems on curved manifolds},
	volume = {199},
	year = {2004}}

@article{ro:2006a,
	author = {James A. Rossmanith},
	journal = jcp,
	number = {2},
	pages = {629 - 658},
	title = {A wave propagation method for hyperbolic systems on the sphere},
	volume = {213},
	year = {2006}}

@article{mi-tr:2012,
	author = {Gregory H. Miller and David Trebotich},
	journal = {camcos},
	number = {1},
	title = {{An embedded boundary method for the Navier-Stokes equations on a time-dependent domain}},
	volume = {7},
	year = {2012}}

@article{tr:2006,
	author = {David Trebotich},
	journal = {Journal of Physics: Conference Series},
	pages = {316--321},
	title = {{Modeling complex biological flows in multi-scale systems using the APDEC framework}},
	volume = {46},
	year = {2006}}

@article{ka-mi-tr:2011,
	author = {B. Kallemov and G.H. Miller and D. Trebotich},
	journal = {Molecular Simulation},
	month = {July},
	number = {8},
	pages = {738--745},
	title = {A higher-order accurate fluid-particle algorithm for polymer flows},
	volume = {37},
	year = {2011}}

@article{ka-mi-mi-tr:2012,
	author = {Kallemov, B. and Miller, G. H. and Mitran, S. and Trebotich, D.},
	journal = {Molecular Simulation},
	number = {10},
	pages = {786-792},
	title = {{Calculation of viscoelastic bead--rod flow mediated by a homogenised kinetic scale with holonomic constraints}},
	volume = {38},
	year = {2012}}

@article{st-mo-tr:2013,
	author = {Steefel, Carl I. and Molins, Sergi and Trebotich, David},
	journal = {Reviews in Mineralogy and Geochemistry},
	number = {1},
	pages = {259-303},
	title = {{Pore Scale Processes Associated with Subsurface CO2 Injection and Sequestration}},
	volume = {77},
	year = {2013}}

@article{mo-tr-ya-aj-li-sh-st:2014,
	author = {Sergi Molins and David Trebotich and Li Yang and Jonathan B. Ajo-Franklin and Terry J. Ligocki and Chaopeng Shen and Carl Steefel},
	journal = est,
	month = {May 27},
	number = {13},
	title = {{Pore-Scale Controls on Calcite Dissolution Rates from Flow-through Laboratory and Numerical Experiments}},
	volume = {48},
	year = {2014}}

@article{e-en:2003,
	author = {E, Weinan and Engquist, Bjorn},
	journal = {Communications in Mathematical Sciences},
	month = {03},
	number = {1},
	pages = {87--132},
	title = {{The Heterognous Multiscale Methods}},
	volume = {1},
	year = {2003}}

@article{mo-tr-st-sh:2012,
	author = {Molins, Sergi and Trebotich, David and Steefel, Carl I. and Shen, Chaopeng},
	journal = wrr,
	number = {3},
	title = {{An investigation of the effect of pore scale flow on average geochemical reaction rates using direct numerical simulation}},
	volume = {48},
	year = {2012}}

@misc{ad-te:2010,
	author = {President's Council of Advisors on Science and Technology},
	month = {December},
	title = {{Designing a digital future: Federally funded research and development in networking and information technology}},
	year = {2010}}

@misc{petsc-web-page,
	author = {Satish Balay and Shrirang Abhyankar and Mark~F. Adams and Jed Brown and Peter Brune and Kris Buschelman and Victor Eijkhout and William~D. Gropp and Dinesh Kaushik and Matthew~G. Knepley and Lois Curfman McInnes and Karl Rupp and Barry~F. Smith and Hong Zhang},
	howpublished = {{\url{http://www.mcs.anl.gov/petsc}}},
	title = {{PETS}c {W}eb page},
	year = {2014}}

@article{iv-de-no-gr:2013,
	author = {Ivan, Lucian and De Sterck, Hans and Northrup, Scott A. and Groth, Clinton P. T.},
	journal = jcp,
	month = {12},
	number = {0},
	pages = {205--227},
	title = {{Multi-dimensional finite-volume scheme for hyperbolic conservation laws on three-dimensional solution-adaptive cubed-sphere grids}},
	volume = {255},
	year = {2013}}

@misc{amrresources,
	author = {Donna Calhoun},
	howpublished = {{\url{http://math.boisestate.edu/~calhoun/www_personal/research/amr_software/index.html}}},
	title = {{AMR Resources}},
	year = {2017}}

@article{th-ri-sk-kl:2009,
	author = {John Thuburn and Todd D. Ringler and William C. Skamarock and Joseph B. Klemp},
	journal = jcp,
	number = {22},
	pages = {8321 - 8335},
	title = {{Numerical representation of geostrophic modes on arbitrarily structured C-grids}},
	volume = {228},
	year = {2009}}

@article{ba-le-mi-ro:2003,
	author = {Bale, Derek and LeVeque, Randall J. and Mitran, Sorin and Rossmanith, James},
	journal = sisc,
	number = {3},
	pages = {955-978},
	title = {{A Wave Propagation Method for Conservation Laws and Balance Laws with Spatially Varying Flux Functions}},
	volume = {24},
	year = {2003}}

@article{na-ch-tu:2009,
	author = {Nair, Ramachandran D. and Choi, H. -W. and Tufo, H. M.},
	journal = {Computers \& Fluids},
	month = {2},
	number = {2},
	pages = {309--319},
	title = {{Computational aspects of a scalable high-order discontinuous Galerkin atmospheric dynamical core}},
	volume = {38},
	year = {2009}}

@incollection{ni:2005,
	author = {Nikiforakis, N.},
	booktitle = {Adaptive Mesh Refinement - Theory and Applications},
	editor = {Plewa, Tomasz and Linde, Timur and Gregory Weirs, V.},
	pages = {505-526},
	publisher = {Springer Berlin Heidelberg},
	series = {Lecture Notes in Computational Science and Engineering},
	title = {{AMR for global atmospheric modelling}},
	volume = {41},
	year = {2005}}

@techreport{ca-co:2010,
	author = {Donna Calhoun and Nadia Coulon},
	institution = {{Commissariat \`a l'Energie Atomique, Direction de l'Energie Nucleaire}},
	number = {SFME/LTMF/RT/10-014/A},
	title = {{Thermodynamics and transport of homogenous air-vapor-liquid mixture through cracks in concrete (Part II)}},
	year = {2010}}

@techreport{ca:2009b,
	author = {Donna Calhoun},
	institution = {{Commissariat \`a l'Energie Atomique, Direction de l'Energie Nucleaire}},
	number = {{SFME/LTMF/RT/09-007/A}},
	title = {{Thermodynamics and transport of homogenous air-vapor-liquid mixture through cracks in concrete}},
	year = {2010}}

@article{fe-me-os:1997,
	author = {Ronald P. Fedkiw and Barry Merriman and Stanley Osher},
	journal = jcp,
	number = {2},
	pages = {175 - 190},
	title = {{High Accuracy Numerical Methods for Thermally Perfect Gas Flows with Chemistry}},
	volume = {132},
	year = {1997}}

@article{ri-ja-gu-ju-du-sk:2011,
	author = {Ringler, Todd D. and Jacobsen, Doug and Gunzburger, Max and Ju, Lili and Duda, Michael and Skamarock, William},
	journal = mwr,
	number = {11},
	pages = {3348--3368},
	title = {{Exploring a Multiresolution Modeling Approach within the Shallow-Water Equations}},
	volume = {139},
	year = {2011}}

@article{ki-pe-st-ca:2006,
	author = {Kirk, Benjamin S. and Peterson, John W. and Stogner, Roy H. and Carey, Graham F.},
	journal = {Engineering with Computers},
	number = {3-4},
	pages = {237-254},
	title = {{libMesh : a C++ library for parallel adaptive mesh refinement/coarsening simulations}},
	volume = {22},
	year = {2006}}

@article{ba-bl-de-en-kl-ko-oh-sa:2008,
	author = {Bastian, P. and Blatt, M. and Dedner, A. and Engwer, C. and Kl{\~A}¶fkorn, R. and Kornhuber, R. and Ohlberger, M. and Sander, O.},
	journal = {Computing},
	number = {2-3},
	pages = {121-138},
	title = {{A generic grid interface for parallel and adaptive scientific computing. Part II: implementation and tests in DUNE}},
	volume = {82},
	year = {2008}}

@article{jo-fo:1988,
	author = {Ralph E. Johnson and Brian Foote},
	journal = {Journal of Object-Oriented Programming},
	month = {June/July},
	number = {2},
	pages = {22-35},
	title = {{Designing Reusable Classes}},
	volume = {1},
	year = {1988}}

@inproceedings{be-sc-me-hu:2012,
	author = {Martin Berzins and John Schmidt and Qingyu Meng and Alan Humphrey},
	booktitle = {Blue Waters Workshop},
	month = {July},
	title = {{Past, Present and Future Scalability of the Uintah Software}},
	year = {2012}}

@inbook{lu-wo-be-he:2008,
	author = {Luitjens, J. and Worthen, B. and Berzins, M. and Henderson, T},
	chapter = {4},
	publisher = {Chapman and Hall},
	series = {{Petascale Computing Algorithms and Applications}},
	title = {{Scalable Parallel AMR for the Uintah Multiphysics Code}},
	year = {2008}}

@techreport{mentor_graphics,
	institution = {Mentor Graphics},
	title = {{How to Choose an Effective Grid System for CFD Meshing}}}

@article{ko-gi:2014,
	author = {Michal A. Kopera and Francis X. Giraldo},
	journal = jcp,
	number = {0},
	pages = {92 - 117},
	title = {{Analysis of adaptive mesh refinement for \{IMEX\} discontinuous Galerkin solutions of the compressible Euler equations with application to atmospheric simulations}},
	volume = {275},
	year = {2014}}

@booklet{NSF-CI:2007,
	howpublished = {{National Science Foundation Cyberinfrastructure Council}},
	month = {March},
	title = {{Cyberinfrastructure Vision for 21st Century Discovery}},
	year = {2007}}

@article{ke-ho-sa:2009,
	author = {Diane Kelly and Daniel Hook and Rebecca Sanders},
	journal = {Computing in Science \& Engineering},
	month = {September/October},
	number = {5},
	title = {{Five Recommended Practices for Computational Scientists Who Write Software}},
	volume = {11},
	year = {2009}}

@misc{nrc:2013,
	howpublished = {Washington, DC : The National Academies Press},
	title = {{The Mathematical Sciences in 2025}},
	year = {2013}}

@techreport{cu-gl:2010,
	author = {Peter T. Cummings and Sharon C. Glotzer},
	institution = {World Technology Evaluation Center, Inc.},
	month = {April},
	title = {{Inventing a New America through Discovery and Innovation in Science, Engineering, and Medicine}},
	year = {2010}}

@booklet{ke-ta:2011,
	author = {David Keyes and Valerie Taylor},
	month = {March},
	title = {{National Science Foundation Advisory Committee for CyberInfrastructure Task Force on Software for Science and Engineering}},
	year = {2011}}

@techreport{gl-ke-to-le:2010,
	author = {Sharon Glotzer and David Keyes and Joel Tohline and Jerzy Leszczynski},
	month = {May},
	title = {{MPSAC White Paper on Computational Science}},
	year = {2010}}

@article{gl-pa-la:2009,
	author = {Sharon C. Glotzer and Bob Panoff and Scott Lathrop},
	journal = {Computing in Science and Engineering},
	number = {5},
	pages = {22-27},
	title = {{Challenges and Opportunities in Preparing Students for Petascale Computational Science and Engineering}},
	volume = {11},
	year = {2009}}

@article{ri:2008,
	author = {P. M. Ricker},
	journal = {The Astrophysical Journal Supplement Series},
	pages = {293 -- 300},
	title = {{A Direct Multigrid Poisson Solver for Oct-Tree Adaptive Meshes}},
	volume = {176},
	year = {2008}}

@misc{nsf-vision:2012,
	author = {NSF},
	howpublished = {National Science Foundation Report NSF 12-113},
	title = {{A Vision and Strategy for Software for Science, Engineering and Education}},
	year = {2012}}

@misc{overture,
	author = {DOE},
	howpublished = {{\url{http://www.overtureframework.org}}},
	title = {Overture}}

@misc{nytimes-2012,
	author = {Katie Hafner},
	howpublished = {{\url{http://www.nytimes.com/2012/04/03/science/giving-women-the-access-code.html}}},
	title = {{Giving Women the Access Code}}}

@article{do-go-ro-sc:2008,
	author = {Margarete O. Domingues and S{\^a}nia M. Gomes and Olivier Roussel and Kai Schneider},
	journal = jcp,
	number = {8},
	pages = {3758 - 3780},
	title = {{An adaptive multiresolution scheme with local time stepping for evolutionary PDEs}},
	volume = {227},
	year = {2008}}

@article{be-bu-ru-sc:2009,
	author = {Mostafa Bendahmane and Raimund B{\"u}rger and Ricardo Ruiz-Baier and Kai Schneider},
	journal = {Applied Numerical Mathematics},
	number = {7},
	pages = {1668 - 1692},
	title = {{Adaptive multiresolution schemes with local time stepping for two-dimensional degenerate reaction--diffusion systems}},
	volume = {59},
	year = {2009}}

@article{du-za-hi-ba:2013,
	author = {Michael Dumbser and Olindo Zanotti and Arturo Hidalgo and Dinshaw S. Balsara},
	journal = jcp,
	number = {0},
	pages = {257 - 286},
	title = {{ADER-WENO finite volume schemes with space--time adaptive mesh refinement}},
	volume = {248},
	year = {2013}}

@article{sh-qi-ch:2011,
	author = {Chaopeng Shen and Jing-Mei Qiu and Andrew Christlieb},
	journal = jcp,
	number = {10},
	pages = {3780 - 3802},
	title = {{Adaptive mesh refinement based on high order finite difference WENO scheme for multi-scale simulations}},
	volume = {230},
	year = {2011}}

@article{ce-ro:2007,
	author = {Hector D. Ceniceros and Alexandre M. Roma},
	journal = jcp,
	number = {2},
	pages = {1849 - 1862},
	title = {{A nonstiff, adaptive mesh refinement-based method for the Cahn--Hilliard equation}},
	volume = {225},
	year = {2007}}

@article{pr-ch:2006,
	author = {Frans Pretorius and Matthew W. Choptuik},
	journal = jcp,
	number = {1},
	pages = {246 - 274},
	title = {{Adaptive mesh refinement for coupled elliptic-hyperbolic systems}},
	volume = {218},
	year = {2006}}

@misc{is-bu-wi-gh:2014,
	author = {Tobin Isaac and Carsten Burstedde and Lucas C. Wilcox and Omar Ghattas},
	howpublished = {{\url{http://arxiv.org/abs/1406.0089}}},
	month = {May},
	title = {Recursive Algorithms for Distributed Forests of Octrees},
	year = {2014}}

@techreport{ca:2009a,
	address = {Saclay, France},
	author = {Donna A. Calhoun},
	institution = {Commissariat {\`a} l'Energie Atomic (C.E.A.)},
	month = {March},
	number = {SFME/LTMF/RT/09-007/A},
	title = {{Thermodynamics and transport of homogenous air-vapor-liquid mixture through cracks in concrete}},
	year = {2009}}

@article{br-lo:2005,
	author = {J. David Brown and Lisa L. Lowe},
	journal = jcp,
	number = {2},
	pages = {582 - 598},
	title = {{Multigrid elliptic equation solver with adaptive mesh refinement}},
	volume = {209},
	year = {2005}}

@techreport{ma-ca:1996,
	author = {Dan F. Martin and K. L. Cartwright},
	institution = {University of California (Berkeley)},
	month = {October},
	number = {UCB/ ERL M96/66},
	title = {{Solving Poisson's Equation using Adaptive Mesh Refinement}},
	year = {1996}}

@article{hu-gr:2000,
	author = {Jingfang Huang and Leslie Greengard},
	journal = sisc,
	number = {4},
	pages = {1551-1566},
	title = {{A Fast Direct Solver for Elliptic Partial Differential Equations on Adaptively Refined Meshes}},
	volume = {21},
	year = {2000}}

@article{br-fr:2002,
	author = {Bryan, George H. and Fritsch, J. Michael},
	journal = mwr,
	number = {12},
	pages = {2917--2928},
	title = {{A Benchmark Simulation for Moist Nonhydrostatic Numerical Models}},
	volume = {130},
	year = {2002}}

@article{oo:1990,
	author = {Ooyama, Katsuyuki V.},
	journal = jas,
	number = {21},
	pages = {2580--2593},
	title = {{A Thermodynamic Foundation for Modeling the Moist Atmosphere}},
	volume = {47},
	year = {1990}}

@article{ul-ja:2011,
	author = {Ullrich, Paul and Jablonowski, Christiane},
	journal = mwr,
	month = {2014/06/29},
	number = {4},
	pages = {1257--1284},
	title = {{Operator-Split Runge--Kutta--Rosenbrock Methods for Nonhydrostatic Atmospheric Models}},
	volume = {140},
	year = {2011}}

@article{du-bl:2011,
	author = {Durran, Dale R. and Blossey, Peter N.},
	journal = mwr,
	month = {2014/06/29},
	number = {4},
	pages = {1307--1325},
	title = {{Implicit--Explicit Multistep Methods for Fast-Wave--Slow-Wave Problems}},
	volume = {140},
	year = {2011}}

@article{gi-re-la:2010,
	author = {Francis X. Giraldo and Restelli, M. and L{\"a}uter, M.},
	journal = sisc,
	number = {6},
	pages = {3394-3425},
	title = {Semi-Implicit Formulations of the Navier--Stokes Equations: Application to Nonhydrostatic Atmospheric Modeling},
	volume = {32},
	year = {2010}}

@article{ga-gi-do:2012,
	author = {Gaber\u{s}ek, Sa\u{s}a and Giraldo, Francis X. and Doyle, James D.},
	journal = mwr,
	month = {2014/06/29},
	number = {10},
	pages = {3163--3182},
	title = {{Dry and Moist Idealized Experiments with a Two-Dimensional Spectral Element Model}},
	volume = {140},
	year = {2012}}

@inproceedings{bu-gh-st-tu-wi:2008,
	author = {Carsten Burstedde and Omar Ghattas and Georg Stadler and Tiankai Tu and Lucas C. Wilcox},
	booktitle = {Proceedings of Teragrid '08},
	title = {{Towards Adaptive Mesh PDE Simulations on Petascale Computers}},
	year = {2008}}

@book{dh-do-fo-gr-jo:2013,
	editor = {Erik H. D'Hollander and Jack J. Dongarra and Ian T. Foster and Lucio Grandinetti and Gerhard R. Joubert},
	month = {November},
	publisher = {IOS Press},
	series = {Advances in Parallel Computing},
	title = {{Transition of HPC Towards Exascale Computing}},
	volume = {24},
	year = {2013}}

@inbook{ba-bo-do-ha-he-hu-lu-pa-sh:2013,
	author = {Richard F. BARRETT and Shekhar BORKAR and Sudip S. DOSANJH and Simon D. HAMMOND and Michael A. HEROUX and X. Sharon HU and Justin LUITJENS and Steven G. PARKER and John SHALF and Li TANG},
	editor = {E. H. D'Hollander},
	publisher = {IOS Press},
	series = {Transition of HPC Towards Exascale Computing},
	title = {On the Role of Co-design in High Performance Computing},
	volume = {141},
	year = {2013}}

@techreport{am-ha-le-pi-qu-sa-sh-lu-ye:2011,
	address = {Marina del Rey},
	author = {Saman Amarasinghe and Mary Hall and Richard Lethin and Keshav Pingali and Dan Quinlan and Vivek Sarkar and John Shalf and Robert Lucas and Katherine Yelick},
	institution = {Department of Energy},
	month = {July},
	title = {{Report of the 2011 Workshop on Exascale Programming Challenges}},
	year = {2011}}

@article{te:2013,
	author = {Andrew V. Terekhov},
	journal = {Parallel Computing},
	number = {6--7},
	pages = {245 - 258},
	title = {{A fast parallel algorithm for solving block-tridiagonal systems of linear equations including the domain decomposition method}},
	volume = {39},
	year = {2013}}

@article{se-pe-hi:2013,
	author = {Sudip K. Seal and Kalyan S. Perumalla and Steven P. Hirshman},
	journal = {Journal of Parallel and Distributed Computing},
	number = {2},
	pages = {273 - 280},
	title = {{Revisiting parallel cyclic reduction and parallel prefix-based algorithms for block tridiagonal systems of equations}},
	volume = {73},
	year = {2013}}

@article{hi-pe-ly-sa:2010,
	author = {Steven P. Hirshman and Kalyan S. Perumalla and V. E. Lynch and R. Sanchez},
	journal = jcp,
	number = {18},
	pages = {6392 - 6404},
	title = {{BCYCLIC: A parallel block tridiagonal matrix cyclic solver}},
	volume = {229},
	year = {2010}}

@article{ke-ja-wh-ro:2012,
	author = {Kent, James and Jablonowski, Christiane and Whitehead, Jared P. and Rood, Richard B.},
	journal = {Monthly Weather Review},
	month = {2014/06/26},
	number = {5},
	pages = {1620--1638},
	title = {{Assessing Tracer Transport Algorithms and the Impact of Vertical Resolution in a Finite-Volume Dynamical Core}},
	volume = {140},
	year = {2012}}

@article{no-al-be-li-ma-zi:2010,
	author = {A. Nonaka and A. S. Almgren and J. B. Bell and M. J. Lijewski and C. M. Malone and M. Zingale},
	journal = {arXiv},
	month = {May},
	title = {MAESTRO: An Adaptive Low Mach Number Hydrodynamics Algorithm for Stellar Flows},
	year = {2010}}

@article{Johnson200351,
	author = {David W Johnson and Jeffrey D Marx},
	journal = {Journal of Hazardous Materials},
	number = {1--3},
	pages = {51 - 64},
	title = {{The importance of multiphase and multicomponent modeling in consequence and risk analysis}},
	volume = {104},
	year = {2003}}

@article{du-al-ba-be-ro:2014,
	author = {Max Duarte and Ann S. Almgren and Kaushik Balakrishnan and Bell, John B. and David M. Romps},
	journal = {arXiv},
	month = {May},
	title = {{A Numerical Study of Methods for Moist Atmospheric Flows: Compressible Equations}},
	year = {2014}}

@article{le-ge-be:2011,
	author = {Randall J. LeVeque and David L. George and Marsha J. Berger},
	journal = actnum,
	month = {May},
	pages = {211 - 289},
	title = {Tsunami modelling with adaptively refined finite volume methods},
	volume = {20},
	year = {2011}}

@article{ma-ol-mo-fa-pa:2000,
	author = {Peter MacNeice and Kevin M. Olson and Clark Mobarry and Rosalinda de Fainchtein and Charles Packer},
	journal = {Computer Physics Communications},
	number = {3},
	pages = {330 - 354},
	title = {{PARAMESH: A parallel adaptive mesh refinement community toolkit}},
	volume = {126},
	year = {2000}}

@article{li:1998,
	author = {Li, Zhilin},
	journal = sinum,
	number = {1},
	pages = {230-254},
	title = {{A Fast Iterative Algorithm for Elliptic Interface Problems}},
	volume = {35},
	year = {1998}}

@misc{st:2002,
	author = {J\"org Streignitz},
	month = {January},
	title = {Writing efficient programs with {C++}},
	year = {2002}}

@article{ke-ka:2005,
	author = {Benjamin Keen and Smadar Karni},
	journal = jcp,
	number = {1},
	pages = {108 - 130},
	title = {A second order kinetic scheme for gas dynamics on arbitrary grids},
	volume = {205},
	year = {2005}}

@article{af-be-me:1998,
	author = {Aftosmis, Michael J. and Berger, Marsha J. and Melton, J. E.},
	journal = {AIAA Journal},
	number = {6},
	pages = {952--960},
	title = {{Robust and Efficient Cartesian Mesh Generation for Component-Based Geometry}},
	volume = {36},
	year = {1998}}

@article{ki-ar-ke:2003,
	author = {M.P. Kirkpatrick and S.W. Armfield and J.H. Kent},
	journal = jcp,
	number = {1},
	pages = {1 - 36},
	title = {{A representation of curved boundaries for the solution of the Navier--Stokes equations on a staggered three-dimensional Cartesian grid}},
	volume = {184},
	year = {2003}}

@article{ye-mi-ud-sh:1999,
	author = {T. Ye and R. Mittal and H. S. Udaykumar and W. Shyy},
	journal = jcp,
	number = {2},
	pages = {209 - 240},
	title = {{An Accurate Cartesian Grid Method for Viscous Incompressible Flows with Complex Immersed Boundaries}},
	volume = {156},
	year = {1999}}

@article{ji-li-ye:2008,
	author = {Hua Ji and Fue-Sang Lien and Eugene Yee},
	journal = {Computer Methods in Applied Mechanics and Engineering},
	number = {3--4},
	pages = {432 - 448},
	title = {{A robust and efficient hybrid cut-cell/ghost-cell method with adaptive mesh refinement for moving boundaries on irregular domains}},
	volume = {198},
	year = {2008}}

@article{po:2003,
	author = {St\'ephane Popinet},
	journal = jcp,
	number = {2},
	pages = {572 - 600},
	title = {{Gerris: A tree-based adaptive solver for the incompressible Euler equations in complex geometries}},
	volume = {190},
	year = {2003}}

@article{pe-be-co-cu-we:1995,
	author = {Richard B. Pember and Bell, John B. and Phillip Colella and William Y. Crutchfield and Michael L. Welcome},
	journal = jcp,
	number = {2},
	pages = {278 - 304},
	title = {{An Adaptive Cartesian Grid Method for Unsteady Compressible Flow in Irregular Regions}},
	volume = {120},
	year = {1995}}

@article{ch:2006,
	author = {Meng-Hsuan Chung},
	journal = caf,
	number = {6},
	pages = {607 - 623},
	title = {{Cartesian cut cell approach for simulating incompressible flows with rigid bodies of arbitrary shape}},
	volume = {35},
	year = {2006}}

@article{oe-kl:2006,
	author = {M. Oevermann and Rupert Klein},
	journal = jcp,
	number = {2},
	pages = {749 - 769},
	title = {{A Cartesian grid finite volume method for elliptic equations with variable coefficients and embedded interfaces}},
	volume = {219},
	year = {2006}}

@article{ch-bo:2010,
	author = {Yoann Cheny and Olivier Botella},
	journal = jcp,
	number = {4},
	pages = {1043 - 1076},
	title = {{The LS-STAG method: A new immersed boundary/level-set method for the computation of incompressible viscous flows in complex moving geometries with good conservation properties}},
	volume = {229},
	year = {2010}}

@article{tr-st-gr-co:2008,
	author = {David Trebotich and Brian Van Straalen and Dan T. Graves and Phillip Colella},
	journal = {Journal of Physics : Conference Series},
	number = {1},
	title = {{Performance of embedded boundary methods for CFD with complex geometry}},
	volume = {125},
	year = {2008}}

@article{dr-gr:2005,
	author = {J{\"u}rgen Dreher and Rainer Grauer},
	journal = {Parallel Computing},
	pages = {913--932},
	title = {{Racoon: A parallel mesh-adaptive framework for hyperbolic conservation laws}},
	volume = {31},
	year = {2005}}

@article{gh-va:2013,
	author = {P. Ghysels and W. Vanroose},
	journal = {Parallel Computing},
	title = {Hiding global synchronization latency in the preconditioned Conjugate Gradient algorithm},
	year = {2013}}

@article{zh-gu-li:2014,
	author = {Sheng-Xin Zhu and Tong-Xiang Gu and Xing-Ping Liu},
	journal = cma,
	number = {1},
	pages = {199 -- 209},
	title = {{Minimizing synchronizations in sparse iterative solvers for distributed supercomputers}},
	volume = {67},
	year = {2014}}

@article{ke-mc-wo-gr-my-pe-be-br-cl:2013,
	author = {David E. Keyes and Lois C. McInnes and Carol Woodward and William Gropp and Eric Myra and Michael Pernice and Bell, John B. and Jed Brown and Alain Clo and Jeffrey Connors and Emil Constantinescu and Don Estep and Kate Evans and Charel Farhat and Ammar Hakim and Glenn Hammond and Glen Hansen and Judith Hill and Tobin Isaac and Xiangmin Jiao and Kirk Jordan and Dinesh Kaushik and Efthimios Kaxiras and Alice Koniges and Kihwan Lee and Aaron Lott and Qiming Lu and John Magerlein and Reed Maxwell and Michael McCourt and Miriam Mehl and Roger Pawlowski and Amanda P. Randles and Daniel Reynolds and Beatrice Rivi\`ere and Ulrich R\"ude and Tim Scheibe and John Shadid and Brendan Sheehan and Mark Shepard and Andew Siegel and Barry Smith and Xianzhu Tang and Clan Wilson and Barbara Wohlmuth},
	journal = {International Journal of High Performance Computing Applications},
	number = {1},
	pages = {4--83},
	title = {Multiphysics simulation : Challenges and opportunities},
	volume = {27},
	year = {2013}}

@article{gh-as-me-va:2013,
	author = {P. Ghysels and T. J. Ashby and K. Meerbergen and W. Vanroose},
	journal = sisc,
	number = {1},
	pages = {C48--C71},
	title = {{Hiding global communication latency in the GMRES algorithm on massively parallel machines}},
	volume = {35},
	year = {2013}}

@article{ha-ar:2012,
	author = {Ken Habgood and Itamar Arel},
	journal = {Journal of Discrete Algorithms},
	pages = {98 -- 109},
	title = {{A condensation-based application of Cramer's rule for solving large-scale linear systems}},
	volume = {10},
	year = {2012}}

@article{la-sk-pr-ta:2012,
	author = {Peter H. Lauritzen and William C. Skamarock and M. J. Prather and Mark A. Taylor},
	journal = gmd,
	pages = {887--901},
	title = {{A standard test case suite for two-dimensional linear transport on the sphere}},
	volume = {5},
	year = {2012}}

@techreport{do-hi-be-ch-fa-he-ho-ng-we:2014,
	author = {Jack Dongarra and Jeffrey Hittinger and Bell, John B. and Luis Chac\'on and Robert Falgout and Michael Heroux and Paul Hovland and Esmond Ng and Clayton Webster and Stefan Wild},
	institution = {U.S. Department of Energy Advanced Scientific Computing Research Program (DOE/ASCR)},
	month = {March},
	number = {LLNL-TR-651000},
	title = {Applied Mathematics Research for Exascale Computing},
	year = {2014}}

@article{si:1986,
	author = {Simons, F. H.},
	journal = {International Journal of Mathematical Education in Science and Technology},
	number = {5},
	pages = {549-552},
	title = {A course in calculus using a personal computer},
	volume = {17},
	year = {1986}}

@article{le:2011,
	author = {Leng, Ng Wee},
	journal = {International Journal of Mathematical Education in Science and Technology},
	number = {7},
	pages = {925-938},
	title = {Using an advanced graphing calculator in the teaching and learning of calculus},
	volume = {42},
	year = {2011}}

@article{sc-ko:2013,
	author = {Schmidt, Karsten and K{\"o}hler, Anke},
	journal = {International Journal of Mathematical Education in Science and Technology},
	number = {3},
	pages = {317-331},
	title = {Teaching mathematics in the PC lab -- the students' viewpoints},
	volume = {44},
	year = {2013}}

@article{oa:2011,
	author = {Oates, Greg},
	journal = {International Journal of Mathematical Education in Science and Technology},
	number = {6},
	pages = {709-721},
	title = {Sustaining integrated technology in undergraduate mathematics},
	volume = {42},
	year = {2011}}

@article{bu-fa-ja:2004,
	author = {Burton, Leone and Falk, Lennart and J{\"a}rner, Sven},
	journal = {International Journal of Mathematical Education in Science and Technology},
	number = {2},
	pages = {219-226},
	title = {`Too much, too seldom'},
	volume = {35},
	year = {2004}}

@article{to-lo-st:2005,
	author = {Tonkes, E. J. and Loch, B. I. and Stace, A. W.},
	journal = {International Journal of Mathematical Education in Science and Technology},
	number = {7},
	pages = {751-759},
	title = {An innovative learning model for computation in first year mathematics},
	volume = {36},
	year = {2005}}

@article{co:2000,
	author = {Colgan, Len},
	journal = {International Journal of Mathematical Education in Science and Technology},
	number = {1},
	pages = {15-25},
	title = {MATLAB in first-year engineering mathematics},
	volume = {31},
	year = {2000}}

@article{du-ha:2002,
	author = {Dunn, Peter K and Harman, Chris},
	journal = {International Journal of Mathematical Education in Science and Technology},
	number = {4},
	pages = {584-596},
	title = {Calculus demonstrations using MATLAB},
	volume = {33},
	year = {2002}}

@article{ca-bu:2017,
	author = {Donna Calhoun and Carsten Burstedde},
	journal = {arXiv:1703.03116},
	title = {{ForestClaw : A parallel algorithm for patch-based adaptive mesh refinement on a forest of quadtrees}},
	year = {2017}}

@article{zi:2004,
	author = {Udo Ziegler},
	journal = {Computer Physics Communications},
	number = {3},
	pages = {207 - 216},
	title = {{An ADI-based adaptive mesh Poisson solver for the MHD code NIRVANA}},
	volume = {157},
	year = {2004}}

@article{pe-ju-tu:2012,
	author = {P\'erinet, Nicolas and Juric, Damir and Tuckerman, Laurette S.},
	journal = {Phys. Rev. Lett.},
	month = {Oct},
	pages = {164501},
	title = {Alternating Hexagonal and Striped Patterns in Faraday Surface Waves},
	volume = {109},
	year = {2012}}

@article{be:1985,
	author = {Marsha J. Berger},
	journal = {Mathematics of Computation},
	month = {October},
	number = {172},
	pages = {301--318},
	title = {Stability of Interfaces with Mesh Refinement},
	volume = {45},
	year = {1985}}

@article{le:2012,
	author = {Randall J. LeVeque},
	month = jan,
	pages = {1--9},
	title = {Tsunami Modeling},
	year = {2012}}

@article{gu-mc-co:2011,
	author = {Guzik, Steve and McCorquodale, Peter and Colella, Phillip},
	month = {Dec},
	title = {{A Freestream-Preserving High-Order Finite-Volume Method for Mapped Grids with Adaptive-Mesh Refinement}},
	year = {2011}}

@article{zi:2012,
	author = {Ziegler, Udo},
	journal = sisc,
	month = jan,
	number = {3},
	pages = {C102--C121},
	title = {{Block-Structured Adaptive Mesh Refinement on Curvilinear-Orthogonal Grids}},
	volume = {34},
	year = {2012}}

@article{de-th-ma-le-ri-da:2012,
	author = {Devenish, B. J. and Thomson, D. J. and Marenco, F. and Leadbetter, S. J. and Ricketts, H. and Dacre, H. F.},
	journal = {Atmospheric Environment},
	month = dec,
	number = {C},
	pages = {152--164},
	title = {{A study of the arrival over the United Kingdom in April 2010 of the Eyjafjallaj\"okull ash cloud using ground-based lidar and numerical simulations}},
	volume = {48},
	year = {2012}}

@article{fo-co-ba:2012,
	author = {Folch, A. and Costa, A. and Basart, S.},
	journal = {Atmospheric Environment},
	month = mar,
	number = {C},
	pages = {165--183},
	title = {{Validation of the FALL3D ash dispersion model using observations of the 2010 Eyjafjallaj\"okull volcanic ash clouds}},
	volume = {48},
	year = {2012}}

@article{ma-au-bi-cu-ge-la-se-ma-mi:2012,
	author = {Matthias, Volker and Aulinger, Armin and Bieser, Johannes and Cuesta, Juan and Geyer, Beate and Langmann, B{\"a}rbel and Serikov, Ilya and Mattis, Ina and Minikin, Andreas and Mona, Lucia and Quante, Markus and Schumann, Ulrich and Weinzierl, Bernadett},
	journal = {Atmospheric Environment},
	month = dec,
	number = {C},
	pages = {184--194},
	title = {{The ash dispersion over Europe during the Eyjafjallaj\"okull eruption e Comparison of CMAQ simulations to remote sensing and air-borne in-situ observations}},
	volume = {48},
	year = {2012}}

@article{od-va-ma-fl-mc-ce-ov-ma-bi:2012,
	author = {O'Dowd, C. and Varghese, S. and Martin, D. and Flanagan, R. and McKinstry, A. and Ceburnis, D. and Ovadnevaite, J. and Martucci, G. and Bialek, J and Monahan, C. and Berresheim, H. and Vaishya, A. and Grigas, T. and McGraw, Z. and Jennings, S. G. and Langmann, B. and Semmler, T. and McGrath, R.},
	journal = {Atmospheric Environment},
	month = mar,
	number = {C},
	pages = {143--151},
	title = {{The Eyjafjallaj\"okull ash plume e Part 2: Simulating ash cloud dispersion with REMOTE}},
	volume = {48},
	year = {2012}}

@article{we-tr-go:2012,
	author = {Webb, Marcus and Trefethen, Lloyd N. and Gonnet, Pedro},
	journal = sisc,
	month = jan,
	number = {6},
	pages = {A3009--A3015},
	title = {{Stability of Barycentric Interpolation Formulas for Extrapolation}},
	volume = {34},
	year = {2012}}

@article{ga-ha:2012,
	author = {Martin J. Gander and Laurence Halpern},
	month = dec,
	pages = {1--9},
	title = {Techniques for Locally Adaptive Time Stepping Developed over the Last Two Decades},
	year = {2012}}

@article{ke-lo-pa:2013,
	author = {David I. Ketcheson and Lajos Loczi and Matteo Parsani},
	month = {September},
	pages = {1--47},
	title = {Propagation of internal errors in explicit Runge--Kutta methods and internal stability of SSP and extrapolation methods},
	year = {2013}}

@article{ke-gh-su:2013,
	author = {Jesse Kelly and Omar Ghattas and Hari Sundar},
	journal = {CoRR},
	title = {A Nested Partitioning Scheme for Parallel Heterogeneous Clusters},
	volume = {abs/1307.4731},
	year = {2013}}

@article{ki-ba-ho-so-br-mo:2013,
	author = {Cetin C. Kiris and Michael F. Barad and Jeffrey A. Housman and Emre Sozer and Christoph Brehm and Shayan Moini-Yekta},
	journal = AIAA,
	pages = {1--42},
	title = {The LAVA Computational Fluid Dynamics Solver},
	year = {2013}}

@article{hi-ba:2013,
	author = {Hittinger, J. A. F. and Banks, J. W.},
	journal = jcp,
	month = may,
	pages = {118--140},
	title = {Block-structured adaptive mesh refinement algorithms for Vlasov simulation},
	volume = {241},
	year = {2013}}

@article{pe-be:2013,
	author = {St\'ephanie P\'eron and Christophe Benoit},
	journal = jcp,
	number = {1},
	pages = {153 - 173},
	title = {{Automatic off-body overset adaptive Cartesian mesh method based on an octree approach}},
	volume = {232},
	year = {2013}}

@article{ka-ho:2013,
	author = {Kazhdan, Michael and Hoppe, Hugues},
	journal = {ACM Trans. Graph.},
	month = jul,
	number = {3},
	pages = {29:1--29:13},
	title = {{Screened Poisson Surface Reconstruction}},
	volume = {32},
	year = {2013}}

@article{un-we-ke-ah:2013,
	author = {Kristof Unterweger and Tobias Weinzierl and David I. Ketcheson and Aron Ahmadia},
	journal = {preprint},
	month = oct,
	pages = {1--29},
	title = {{Peanoclaw - A functionally-decomposed approach to adaptive mesh refinement with local time stepping for hyperbolic conservation law solvers}},
	year = {2013}}

@article{bo-kl-la-lu:2004,
	author = {N. Botta and Klein, Rupert and S. Langenberg and S. L{\"u}tzenkirchen},
	journal = jcp,
	number = {2},
	pages = {539 - 565},
	title = {Well balanced finite volume methods for nearly hydrostatic flows},
	volume = {196},
	year = {2004}}

@article{ki:1977,
	author = {Kieffer, Susan Werner},
	journal = jgr,
	number = {20},
	pages = {2895--2904},
	title = {Sound speed in liquid-gas mixtures: Water-air and water-steam},
	volume = {82},
	year = {1977}}

@article{li-he:1985,
	author = {Lipps, Frank B. and Hemler, Richard S.},
	journal = jas,
	number = {18},
	pages = {1960--1964},
	title = {Another Look at the Scale Analysis for Deep Moist Convecton},
	volume = {42},
	year = {1985}}

@article{lu-ki:2009,
	author = {Lu, Xinli and Kieffer, Susan W.},
	journal = {Annual Review of Earth and Planetary Sciences},
	number = {1},
	pages = {449-477},
	title = {Thermodynamics and Mass Transport in Multicomponent, Multiphase H2O Systems of Planetary Interest},
	volume = {37},
	year = {2009}}

@article{du-kl:1983,
	author = {Durran, Dale R. and Klemp, Joseph B.},
	journal = mwr,
	number = {12},
	pages = {2341--2361},
	title = {A Compressible Model for the Simulation of Moist Mountain Waves},
	volume = {111},
	year = {1983}}

@article{wi-sk:2002,
	author = {Wicker, Louis J. and Skamarock, William C.},
	journal = mwr,
	number = {8},
	pages = {2088--2097},
	title = {Time-Splitting Methods for Elastic Models Using Forward Time Schemes},
	volume = {130},
	year = {2002}}

@article{wi-sk:1998,
	author = {Wicker, Louis J. and Skamarock, William C.},
	journal = mwr,
	number = {7},
	pages = {1992--1999},
	title = {A Time-Splitting Scheme for the Elastic Equations Incorporating Second-Order Runge--Kutta Time Differencing},
	volume = {126},
	year = {1998}}

@article{st-pe:1996,
	author = {G. R. Stuhne and W. R. Peltier},
	journal = jcp,
	number = {1},
	pages = {58 - 81},
	title = {Vortex Erosion and Amalgamation in a New Model of Large Scale Flow on the Sphere},
	volume = {128},
	year = {1996}}

@article{na-co-st:1999,
	author = {Nair, Ramachandran and C{\^o}t{\'e}, Jean and Staniforth, Andrew},
	journal = {Quarterly Journal of the Royal Meteorological Society},
	number = {556},
	pages = {1445--1468},
	title = {Cascade interpolation for semi-Lagrangian advection over the sphere},
	volume = {125},
	year = {1999}}

@article{sk-kl:1993,
	author = {Skamarock, William C. and Klemp, Joseph B.},
	journal = mwr,
	number = {3},
	pages = {788--804},
	title = {{Adaptive Grid Refinement for Two-Dimensional and Three-Dimensional Nonhydrostatic Atmospheric Flow}},
	volume = {121},
	year = {1993}}

@article{sk-ol-st:1989,
	author = {William Skamarock and Joseph Oliger and Robert L Street},
	journal = jcp,
	number = {1},
	pages = {27 - 60},
	title = {{Adaptive grid refinement for numerical weather prediction}},
	volume = {80},
	year = {1989}}

@phdthesis{sk:1987,
	author = {William C. Skamarock},
	month = {October},
	school = {Stanford University},
	title = {{Adaptive Grid Refinement for Numerical Weather Prediction}},
	year = {1987}}

@article{ba:2010,
	author = {Baldauf, Michael},
	journal = mwr,
	number = {12},
	pages = {4475--4496},
	title = {Linear Stability Analysis of Runge--Kutta-Based Partial Time-Splitting Schemes for the Euler Equations},
	volume = {138},
	year = {2010}}

@article{li-ch-pe-ta-xi:2008,
	author = {Li, Xingliang and Chen, Dehui and Peng, Xindong and Takahashi, Keiko and Xiao, Feng},
	journal = mwr,
	number = {8},
	pages = {3066--3086},
	title = {A Multimoment Finite-Volume Shallow-Water Model on the Yin--Yang Overset Spherical Grid},
	volume = {136},
	year = {2008}}

@article{ma-re-sm:1997,
	author = {Margolin, Len and Reisner, Jon M. and Smolarkiewicz, Piotr K.},
	journal = mwr,
	number = {9},
	pages = {2265--2273},
	title = {Application of the Volume-of-Fluid Method to the Advection--Condensation Problem},
	volume = {125},
	year = {1997}}

@article{na-th-lo:2005,
	author = {Nair, Ramachandran D. and Thomas, Stephen J. and Loft, Richard D.},
	journal = mwr,
	number = {4},
	pages = {814--828},
	title = {A Discontinuous Galerkin Transport Scheme on the Cubed Sphere},
	volume = {133},
	year = {2005}}

@article{sa:2002,
	author = {Satoh, Masaki},
	journal = mwr,
	number = {5},
	pages = {1227--1245},
	title = {Conservative Scheme for the Compressible Nonhydrostatic Models with the Horizontally Explicit and Vertically Implicit Time Integration Scheme},
	volume = {130},
	year = {2002}}

@article{sa:2003,
	author = {Satoh, Masaki},
	journal = mwr,
	number = {6},
	pages = {1033--1050},
	title = {Conservative Scheme for a Compressible Nonhydrostatic Model with Moist Processes},
	volume = {131},
	year = {2003}}

@article{zh-na:2012,
	author = {Zhang, Yifan and Nair, Ramachandran D.},
	journal = mwr,
	number = {9},
	pages = {3106--3126},
	title = {A Nonoscillatory Discontinuous Galerkin Transport Scheme on the Cubed Sphere},
	volume = {140},
	year = {2012}}

@article{li-ro:1996,
	author = {Lin, Shian-Jiann and Rood, Richard B.},
	journal = mwr,
	number = {9},
	pages = {2046--2070},
	title = {Multidimensional Flux-Form Semi-Lagrangian Transport Schemes},
	volume = {124},
	year = {1996}}

@article{sc:1995,
	author = {Schultz, Paul},
	journal = mwr,
	month = {2014/01/07},
	number = {11},
	pages = {3331--3343},
	title = {An Explicit Cloud Physics Parameterization for Operational Numerical Weather Prediction},
	volume = {123},
	year = {1995}}

@article{to-go-sa:2008,
	author = {Tomita, Hirofumi and Goto, Koji and Satoh, Masaki},
	journal = sisc,
	number = {6},
	pages = {2755-2776},
	title = {{A New Approach to Atmospheric General Circulation Model: Global Cloud Resolving Model NICAM and its Computational Performance}},
	volume = {30},
	year = {2008}}

@article{li-he:1980,
	author = {Lipps, Frank B. and Hemler, Richard S.},
	journal = mwr,
	number = {1},
	pages = {78--84},
	title = {Another Look at the Thermodynamic Equation For Deep Convection},
	volume = {108},
	year = {1980}}

@techreport{sk-kl-du-gi-ba-du-hu-wa-po:2008,
	author = {William C. Skamarock and Joseph B. Klemp and Jimy Dudhia and David O. Gill and Dale M. Barker and Michael G. Duda and Xiang-Yu Huang and Wei Wang and Jordan G. Powers},
	institution = {NCAR},
	month = June,
	number = {NCAR/TN-475+STR},
	title = {A Description of the Advanced Research WRF Version 3},
	type = {NCAR Technical Note},
	year = {2008}}

@techreport{ja-wi:2006,
	author = {Christiane Jablonowski and David L. Williamson},
	institution = {NCAR},
	month = jan,
	number = {NCAR/TN-469+STR},
	title = {{A Baroclinic Wave Test Case for Dynamical Cores of General Circulation Models: Model Intercomparisons}},
	type = {NCAR Technical Note},
	year = {2006}}

@article{sa-ma-to-mi-na-ig:2008,
	author = {Satoh, Masaki and T. Matsuno and Tomita, Hirofumi and H. Miura and T. Nasuno and S. Iga},
	journal = jcp,
	number = {7},
	pages = {3486 - 3514},
	title = {Nonhydrostatic icosahedral atmospheric model (NICAM) for global cloud resolving simulations},
	volume = {227},
	year = {2008}}

@article{we-we-fo:2009,
	author = {Weller, Hilary and Weller, Henry G. and Fournier, Aim{\'e}},
	journal = mwr,
	number = {12},
	pages = {4208--4224},
	title = {{Voronoi, Delaunay, and Block-Structured Mesh Refinement for Solution of the Shallow-Water Equations on the Sphere}},
	volume = {137},
	year = {2009}}

@article{sk-kl-du-fo-pa-ri:2012,
	author = {Skamarock, William C. and Klemp, Joseph B. and Duda, Michael G. and Fowler, Laura D. and Park, Sang-Hun and Ringler, Todd D.},
	journal = mwr,
	number = {9},
	pages = {3090--3105},
	title = {{A Multiscale Nonhydrostatic Atmospheric Model Using Centroidal Voronoi Tesselations and C-Grid Staggering}},
	volume = {140},
	year = {2012}}

@article{al-be-co-ho-we:1998,
	author = {Ann S. Almgren and Bell, John B. and Phillip Colella and Louis H. Howell and Michael L. Welcome},
	journal = jcp,
	number = {1},
	pages = {1 - 46},
	title = {{A Conservative Adaptive Projection Method for the Variable Density Incompressible Navier--Stokes Equations}},
	volume = {142},
	year = {1998}}

@article{al-be-co-ho-we:1998x,
	author = {Ann S. Almgren and Bell, John B. and Phillip Colella and Louis H. Howell and Michael L. Welcome},
	journal = jcp,
	pages = {1--46},
	title = {A Conservative Adaptive Projection Method for the Variable Density Incompressible Navier--Stokes Equations},
	volume = {142},
	year = {1998}}

@article{ro:1981,
	author = {Phillip L. Roe},
	journal = jcp,
	number = {2},
	pages = {357 - 372},
	title = {Approximate Riemann solvers, parameter vectors, and difference schemes},
	volume = {43},
	year = {1981}}

@incollection{fa-le-ma-ma:2008,
	address = {Lyon, France},
	author = {Fagnan, Kirsten and LeVeque, Randall J. and Matula, T. J. and MacConaghy, B.},
	booktitle = {Hyperbolic Problems: Theory, Numerics, Applications},
	editor = {Benzoni-Gavage, Sylvie and Serre, Denis},
	month = {July 17-24},
	pages = {503-510},
	publisher = {Springer Berlin Heidelberg},
	title = {High-Resolution Finite Volume Methods for Extracorporeal Shock Wave Therapy},
	year = {2008}}

@incollection{hu-mo-sa:2013,
	author = {Hundsdorfer, Willem and Mozartova, Anna and Savcenco, Valeriu},
	booktitle = {Recent Developments in the Numerics of Nonlinear Hyperbolic Conservation Laws},
	editor = {Ansorge, Rainer and Bijl, Hester and Meister, Andreas and Sonar, Thomas},
	pages = {177-195},
	publisher = {Springer Berlin Heidelberg},
	series = {Notes on Numerical Fluid Mechanics and Multidisciplinary Design},
	title = {Monotonicity Conditions for Multirate and Partitioned Explicit Runge-Kutta Schemes},
	volume = {120},
	year = {2013}}

@incollection{ey-he-he-hu-kl-ma:2011,
	author = {Eymard, Robert and Henry, G\'erard and Herbin, Rapha\`ele and Hubert, Florence and Kl\"ofkorn, Robert and Manzini, Gianmarco},
	booktitle = {Finite Volumes for Complex Applications VI Problems \& Perspectives},
	editor = {Fo\v{r}t, Jaroslav and F\"urst, Ji\v{r}\'i and Halama, Jan and Herbin, Rapha\`ele and Hubert, Florence},
	pages = {895-930},
	publisher = {Springer Berlin Heidelberg},
	series = {Springer Proceedings in Mathematics},
	title = {3D Benchmark on Discretization Schemes for Anisotropic Diffusion Problems on General Grids},
	volume = {4},
	year = {2011}}

@article{ca:2002,
	author = {Donna Calhoun},
	journal = jcp,
	number = {2},
	pages = {231 - 275},
	title = {{A Cartesian Grid Method for Solving the Two-Dimensional Streamfunction-Vorticity Equations in Irregular Regions}},
	volume = {176},
	year = {2002}}

@article{ca-he:2009,
	author = {Calhoun, Donna and Helzel, Christiane},
	journal = sisc,
	number = {6},
	pages = {4066-4099},
	title = {{A Finite Volume Method for Solving Parabolic Equations on Logically Cartesian Curved Surface Meshes}},
	volume = {31},
	year = {2009}}

@incollection{ca-le:2005,
	author = {Calhoun, Donna and LeVeque, Randall J.},
	booktitle = {Adaptive Mesh Refinement - Theory and Applications},
	editor = {Plewa, Tomasz and Linde, Timur and Weirs, V. Gregory},
	pages = {91-101},
	publisher = {Springer Berlin Heidelberg},
	series = {Lecture Notes in Computational Science and Engineering},
	title = {An accuracy study of mesh refinement on mapped grids},
	volume = {41},
	year = {2005}}

@incollection{ol-ma:2005,
	author = {Olson, Kevin M. and MacNeice, Peter},
	booktitle = {Adaptive Mesh Refinement - Theory and Applications},
	editor = {Plewa, Tomasz and Linde, Timur and Weirs, V. Gregory},
	pages = {315-330},
	publisher = {Springer Berlin Heidelberg},
	series = {Lecture Notes in Computational Science and Engineering},
	title = {{An Overview of the PARAMESH AMR Software Package and Some of Its Applications}},
	volume = {41},
	year = {2005}}

@article{ke-ca:2003,
	author = {Christopher A. Kennedy and Mark H. Carpenter},
	journal = {Applied Numerical Mathematics},
	number = {1--2},
	pages = {139 - 181},
	title = {Additive Runge--Kutta schemes for convection--diffusion--reaction equations},
	volume = {44},
	year = {2003}}

@article{he-be-le:2005,
	author = {Helzel, Christiane and Berger, Marsha J. and Leveque, Randall J.},
	journal = sisc,
	number = {3},
	pages = {785-809},
	title = {A High-Resolution Rotated Grid Method for Conservation Laws with Embedded Geometries},
	volume = {26},
	year = {2005}}

@article{be-he-le:2003,
	author = {Berger, Marsha J. and Helzel, Christiane and LeVeque, Randall J.},
	journal = sinum,
	month = mar,
	number = {3},
	pages = {893--918},
	title = {H-Box Methods for the Approximation of Hyperbolic Conservation Laws on Irregular Grids},
	volume = {41},
	year = {2003}}

@inbook{be-le:1989,
	author = {Marsha J. Berger and Randall J. LeVeque},
	month = {June 13-15},
	publisher = aiaa,
	title = {An adaptive Cartesian mesh algorithm for the Euler equations in arbitrary geometries},
	year = {1989}}

@article{be-co:1989,
	author = {Berger, Marsha J. and Colella, Phillip},
	journal = jcp,
	month = {May},
	number = {1},
	pages = {64-84},
	title = {Local adaptive mesh refinement for shock hydrodynamics},
	volume = {82},
	year = {1989}}

@article{al-be-co-ma:1997,
	author = {Almgren, Ann S. and Bell, John B. and Colella, Phillip and Marthaler, T.},
	journal = sisc,
	number = {5},
	pages = {1289-1309},
	title = {{A Cartesian Grid Projection Method for the Incompressible Euler Equations in Complex Geometries}},
	volume = {18},
	year = {1997}}

@article{be-ri:1991,
	author = {Berger, Marsha J. and Rigoutsos, Isadore},
	journal = {Systems, Man and Cybernetics, IEEE Transactions on},
	number = {5},
	pages = {1278-1286},
	title = {An algorithm for point clustering and grid generation},
	volume = {21},
	year = {1991}}

@article{le:1997,
	author = {LeVeque, Randall J.},
	journal = jcp,
	month = {Mar},
	number = {2},
	pages = {327-353},
	title = {{Wave Propagation Algorithms for Multidimensional Hyperbolic Systems}},
	volume = {131},
	year = {1997}}

@misc{nirvana,
	howpublished = {{\url{http://nirvana-code.aip.de}}},
	title = {{{NIRVANA} Code}}}

@article{fr-ol-ri-ti-zi-la-ma:2000,
	author = {B. Fryxell and Olson, Kevin M. and P. Ricker and F. X. Timmes and M. Zingale and D. Q. Lamb and Peter MacNeice},
	journal = astrosupp,
	number = {1},
	pages = {273--334},
	title = {{FLASH: An adaptive mesh hydrodynamics code for modeling astrophysical thermonuclear flashes}},
	volume = {131},
	year = {2000}}

@article{ad-ca-hi-ma:2004,
	author = {Adcroft, Alistair and Campin, Jean-Michel and Hill, Chris and Marshall, John},
	journal = mwr,
	number = {12},
	pages = {2845--2863},
	title = {Implementation of an Atmosphere--Ocean General Circulation Model on the Expanded Spherical Cube},
	volume = {132},
	year = {2004}}

@article{zh-ov-li-zh-ni:2011,
	author = {Su Zhao and Jeremy Ovadia and Xinfeng Liu and Yong-Tao Zhang and Qing Nie},
	journal = jcp,
	number = {15},
	pages = {5996 - 6009},
	title = {Operator splitting implicit integration factor methods for stiff reaction--diffusion--advection systems},
	volume = {230},
	year = {2011}}

@article{ta:2003,
	author = {Tadmor, Eitan},
	journal = {Acta Numerica},
	month = {May},
	pages = {451-512},
	title = {Entropy stability theory for difference approximations of nonlinear conservation laws and related time-dependent problems},
	volume = {12},
	year = {2003}}

@article{be-he:2012,
	author = {Berger, Marsha J. and Helzel, Christiane},
	journal = sisc,
	month = {Jan},
	number = {2},
	pages = {A861-A888},
	title = {A Simplified h -box Method for Embedded Boundary Grids},
	volume = {34},
	year = {2012}}

@inbook{bu-gh-gu-st-ta-tu-wi-zh:2008,
	author = {Cartsen Burstedde and Omar Ghattas and Michael Gurnis and Georg Stadler and Eh Tan and Tiankai Tu and Lucas C. Wilcox and Shijie Zhong},
	month = {Nov},
	pages = {1-15},
	publisher = {Institute of Electrical and Electronics Engineers},
	title = {{Scalable adaptive mantle convection simulation on petascale supercomputers}},
	year = {2008}}

@article{li:2006,
	author = {Liou, Meng-Sing},
	journal = jcp,
	month = may,
	number = {1},
	pages = {137--170},
	title = {A Sequel to AUSM, Part II: AUSM+-up for All Speeds},
	volume = {214},
	year = {2006}}

@inbook{li:1995,
	author = {Meng-Sing Liou},
	month = {2013/12/27},
	publisher = {American Institute of Aeronautics and Astronautics},
	title = {Progress towards an improved CFD method - AUSM+},
	year = {1995}}

@inproceedings{we-re-ol-bi:2006,
	address = {New York, NY, USA},
	author = {Welcome, Michael and Charles A. Rendleman and Oliker, Leonid and Biswas, Rupak},
	booktitle = {Proceedings of the 3rd Conference on Computing Frontiers},
	pages = {393--402},
	publisher = {ACM},
	series = {CF '06},
	title = {{Performance Characteristics of an Adaptive Mesh Refinement Calculation on Scalar and Vector Platforms}},
	year = {2006}}

@inproceedings{st-co-gr-ke:2011,
	address = {Berlin, Heidelberg},
	author = {Van Straalen, Brian and Colella, Phil and Graves, Daniel T. and Keen, Noel},
	booktitle = {Proceedings of the 17th International Conference on Parallel Processing - Volume Part II},
	pages = {377--386},
	publisher = {Springer-Verlag},
	series = {Euro-Par'11},
	title = {{Petascale Block-structured AMR Applications Without Distributed Meta-data}},
	year = {2011}}

@article{pa-de-hi-pu:2007,
	author = {C. Pantano and Ralf Deiterding and D.J. Hill and D.I. Pullin},
	journal = jcp,
	number = {1},
	pages = {63 --87},
	title = {{A low numerical dissipation patch-based adaptive mesh refinement method for large-eddy simulation of compressible flows}},
	volume = {221},
	year = {2007}}

@article{te-ma:2013,
	author = {Andy R. Terrel and Kyle T. Mandli},
	month = {08},
	title = {ManyClaw: Slicing and dicing Riemann solvers for next generation highly parallel architectures},
	year = {2013}}

@article{kn-te:2013,
	author = {Knepley, Matthew G. and Terrel, Andy R.},
	journal = {ACM Trans. Math. Softw.},
	month = feb,
	number = {2},
	pages = {10:1--10:13},
	title = {Finite Element Integration on GPUs},
	volume = {39},
	year = {2013}}

@inproceedings{bu-ca-ma-te:2014,
	author = {Carsten Burstedde and Donna Calhoun and Kyle T. Mandli and Andy R. Terrel},
	booktitle = {Parallel Computing : Accelerating Computational Science and Engineering (CSE)},
	editor = {Michael Bader and Arndt Bode and Hans-Joachim Bungartz and Michael Gerndt and Gerhard R. Joubert and Frans Peter},
	pages = {253--262},
	publisher = {IOS Press},
	series = {Advances in Parallel Computing},
	title = {{ForestClaw: Hybrid forest-of-octrees {AMR} for hyperbolic conservation laws}},
	volume = {25},
	year = {2014}}

@article{do-om:2005,
	author = {Komla Domelevo and Pascal Omnes},
	journal = {ESAIM: Mathematical Modelling and Numerical Analysis},
	number = 6,
	pages = {1203--1249},
	title = {{A finite volume method for the {L}aplace equation on almost arbitrary two-dimensional grids}},
	volume = 39,
	year = 2005}

@misc{newton_institute,
	author = {Hillary Weller and Todd Ringler and Matthew Piggot and Nigel Wood},
	month = {March 25-26},
	title = {{Newton Institute Program: Multiscale Numerics for the Atmosphere and Ocean, August 22 - Dec. 21, 2012}},
	year = {2009}}

@book{le:2002,
	author = {Randall J. LeVeque},
	publisher = {Cambridge University Press},
	title = {Finite volume methods for hyperbolic problems},
	year = 2002}

@article{co-gr-ke-mo:2006,
	author = {Phillip Colella and Daniel T. Graves and Benjamin J. Keen and David Modiano},
	journal = jcp,
	pages = {347--366},
	title = {A {C}artesian grid embedded boundary method for hyperbolic conservation laws},
	volume = {211},
	year = {2006}}

@article{ca-le:2000,
	author = {Donna Calhoun and Randall J. LeVeque},
	journal = jcp,
	pages = {1--38},
	title = {Solving the advection-diffusion equation in irregular geometries},
	volume = {156},
	year = {2000}}

@article{be-ol:1984,
	author = {Berger, Marsha J. and Oliger, Joe},
	journal = jcp,
	pages = {484--512},
	title = {{Adaptive mesh refinement for hyperbolic partial differential equations}},
	volume = {53},
	year = {1984}}

@misc{be-le:1991,
	author = {Berger, Marsha J. and Randall J. LeVeque},
	howpublished = {AIAA Conference on Computational Fluid Dynamics, Honolulu, HI, CP-91-1602},
	title = {A Rotated Difference Scheme for {C}artesian Grids in Complex Geometries},
	year = {1991}}

@article{le-li:1994,
	author = {Randall J. LeVeque and Zhilin Li},
	journal = sinum,
	pages = {1019--1044},
	title = {{The Immersed Interface Method for Elliptic Equations with Discontinuous Coefficients and Singular Sources}},
	volume = {31},
	year = {1994}}

@article{jo-co:1998,
	author = {Hans Johansen and Phillip Colella},
	journal = jcp,
	pages = {60--85},
	title = {A {C}artesian grid embedded boundary method for {P}oisson's equation on irregular domains},
	volume = 147,
	year = 1998}

@article{be-le:1998,
	author = {Berger, Marsha J. and Randall J. LeVeque},
	journal = sinum,
	number = 6,
	pages = {2298--2316},
	title = {Adaptive mesh refinement using wave-propagation algorithms for hyperbolic systems},
	volume = 35,
	year = 1998}

@article{re-be-li-cr-be:1999,
	author = {Charles A. Rendleman and Vincent E. Beckner and Michael Lijewski and William Crutchfield and Bell, John B.},
	journal = {Computing and Visualization in Science},
	number = 3,
	pages = {147--157},
	title = {{Parallelization of Structured, Hierarchical Adaptive Mesh Refinement Algorithms}},
	volume = 3,
	year = 2000}

@article{ma-co:2000,
	author = {Daniel F. Martin and Phillip Colella},
	journal = jcp,
	pages = {271--312},
	title = {{A Cell-Centered Adaptive Projection Method for the Incompressible Euler Equations}},
	volume = 163,
	year = 2000}

@article{da-be:2000,
	author = {Marcus S. Day and Bell, John B.},
	journal = ctm,
	pages = {535--556},
	title = {{Numerical Simulation of Laminar Reacting Flows with Complex Chemistry}},
	volume = 4,
	year = 2000}

@techreport{chomboclaw,
	author = {Donna Calhoun},
	institution = {Lawrence Berkeley Laboratory},
	title = {Chombo{C}law {U}ser's {G}uide, {V}ersion 1.0},
	year = {2010}}

@techreport{ca:2007,
	author = {Donna Calhoun},
	institution = cea,
	number = {SFME/LTMF/RT/07-14/A},
	title = {{Wave propagation algorithms and adaptive mesh refinement for simulating hydrogen explosions in nuclear containment buildings}},
	year = 2007}

@inproceedings{ca-pa:2007,
	address = {Monterey, CA.},
	author = {Donna Calhoun and Henri Paillere},
	booktitle = {{Proceedings of the Joint International Topical Meeting on Mathematics and Computation and Supercomputing in Nuclear Applications}},
	month = {April},
	title = {{Wave propagation algorithms and adaptive mesh refinement for {CFD} simulations of potential hydrogen explosions in nuclear containment structures}},
	year = 2007}

@article{co-be-ke-li-li-st:2007,
	author = {Phillip Colella and Bell, John B. and Noel Keen and Terry Ligocki and Michael Lijewski and Brian Van Straalen},
	journal = {J. Phys. Conf. Ser.},
	number = 012013,
	title = {{Performance and Scaling of Locally-Structured Grid Methods for Partial Differential Equations}},
	volume = 78,
	year = 2007}

@article{ma-co-gr:2008,
	author = {Daniel F. Martin and Phillip Colella and Daniel T. Graves},
	journal = jcp,
	pages = {1863--1886},
	title = {{A cell-centered adaptive projection method for the incompressible {N}avier-{S}tokes equations in three dimensions}},
	volume = 227,
	year = 2008}

@techreport{ca:2009,
	author = {Donna Calhoun},
	institution = cea,
	number = {SFME/LTMF/RT/09-010/A},
	title = {Using {C}artesian grid cut-cell methods to simulate detonations in nuclear containment buildings},
	year = 2009}

@article{ca-he-le:2008,
	author = {Donna Calhoun and Christiane Helzel and Randall J. LeVeque},
	journal = sirev,
	number = 4,
	pages = {723--752},
	title = {Logically rectangular grids and finite volume methods for {PDE}s in circular and spherical domains},
	volume = 50,
	year = 2008}

@article{be-ca-he-le:2009,
	author = {Berger, Marsha J. and Donna Calhoun and Christiane Helzel and Randall J. LeVeque},
	journal = {Phil. Trans. R. Soc. A},
	number = 1,
	pages = {4483--4496},
	title = {Logically rectangular finite volume methods with adaptive refinement on the sphere},
	volume = 367,
	year = 2009}

@article{la-ul-ja-bo-ca-co-en-do-du:2014,
	author = {Peter H. Lauritzen and Paul A. Ullrich and Christiane Jablonowski and Peter A. Bosler and Donna Calhoun and A. J. Conley and T. Enomoto and L. Dong and S. Dubey and O. Guba and A. B. Hansen and E. Kaas and J. Kent and J.-F. Lamarque and M. J. Prather and D. Reinert and Vladimir V. Shashkin and William C. Skamarock and B. Sorensen and Mark A. Taylor and M. A. Tolstykh},
	journal = gmd,
	pages = {105-145},
	title = {A standard test case suite for two-dimensional linear transport on the sphere: results from a collection of state-of-the-art schemes},
	volume = {7},
	year = 2014}

@inproceedings{ol:2006,
	address = {{College Park, Maryland, USA}},
	author = {Olson, Kevin M.},
	booktitle = {{Parallel Computational Fluid Dynamics 2005: Theory and Applications: Proceedings of the Parallel CFD Conference}},
	editor = {A. Deane and A. Ecer and G. Brenner and D. Emerson and J. McDonough and J. Periaux and N. Satofuka and D. Tromeur-Dervout},
	title = {{PARAMESH: A Parallel Adaptive Grid Tool}},
	year = {2006}}

@misc{clawpack,
	author = {Randall J. LeVeque},
	howpublished = {{\url{http://www.clawpack.org}}},
	title = {ClawPack}}

@misc{amrclaw,
	author = {Randall J. LeVeque and Berger, Marsha J.},
	howpublished = {{\url{http://www.clawpack.org}}},
	title = {{AMRClaw}}}

@misc{forestclaw,
	author = {Donna Calhoun and Carsten Burstedde},
	howpublished = {{\url{http://www.forestclaw.org}}},
	title = {{\sc ForestClaw}},
	year = {2020}}

@misc{paramesh,
	howpublished = {{\url{http://www.physics.drexel.edu/~olson/paramesh-doc/Users_manual/amr.html}}},
	title = {{PARAMESH}}}

@misc{boxlib,
	howpublished = {{\url{https://ccse.lbl.gov/BoxLib/index.html}}},
	title = {BoxLib}}

@misc{chombo,
	howpublished = {{\url{http://seesar.lbl.gov/anag/chombo}}},
	title = {Chombo}}

@misc{samrai,
	howpublished = {{\url{http://www.llnl.gov/CASC/SAMRAI/}}},
	title = {{SAMRAI}},
	year = 2004}

@misc{ebchombo,
	howpublished = {{\url{http://seesar.lbl.gov/anag/chombo}}},
	title = {EBChombo}}

@misc{amroc,
	author = {Ralf Deiterding},
	howpublished = {{\url{http://www.cacr.caltech.edu/asc/wiki/bin/view/Amroc/WebHome}}},
	title = {{AMROC}}}

@misc{openfoam,
	howpublished = {{\url{www.openfoam.org}}},
	title = {OpenFoam}}

@techreport{ash3d,
	author = {Larry G. Mastin and M. J. Randall and Hans F. Schwaiger and Roger P. Denlinger},
	institution = {United States Geological Survey},
	number = {2013-1122},
	title = {{User's Guide and Reference to Ash3d : A Three-Dimensional Model for Eulerian Atmospheric Tephra Transport and Deposition}},
	year = 2013}

@article{be-ge-le-ma:2011,
	author = {Berger, Marsha J. and David L. George and Randall J. LeVeque and Kyle T. Mandli},
	journal = advwatres,
	month = {September},
	number = {9},
	pages = {1195-1206},
	title = {{The GeoClaw software for depth-averaged flows with adaptive refinement}},
	volume = {34},
	year = {2011}}

@article{le-ge-be-2011,
	author = {Randall J. LeVeque and David L. George and Berger, Marsha J.},
	journal = actnum,
	pages = {211--289},
	title = {{Tsunami Propagation and inundation with adaptively refined finite volume methods}},
	year = {2011}}

@article{sh:2009,
	author = {Chi-Wang Shu},
	journal = sirev,
	month = feb,
	number = {1},
	pages = {82--126},
	title = {{High Order Weighted Essentially Nonoscillatory Schemes for Convection Dominated Problems}},
	volume = {51},
	year = {2009}}

@article{co-wo:1984,
	author = {Phillip Colella and Paul R. Woodward},
	journal = jcp,
	pages = {174--201},
	title = {The Piecewise Parabolic Method (PPM) for Gas-Dynamical Simulations},
	volume = {54},
	year = {1984}}

@inproceedings{st-sh-li-ke-ya:2009,
	author = {Brian Van Straalen and John Shalf and Terry Ligocki and Noel Keen and Woo-Sun Yang},
	booktitle = {{IPDPS '09 Proceedings of the 2009 IEEE International Symposium on Parallel and Distributed Processing}},
	organization = {{IEEE Computer Society Washington, DC}},
	pages = {1-12},
	title = {{Scalability Challenges for Massively Parallel AMR Applications}},
	year = 2009}

@article{he:2000,
	author = {Francois Hermeline},
	journal = jcp,
	pages = {481-499},
	title = {A finite volume method for the approximation of diffusion operators on distorted meshes},
	volume = 160,
	year = 2000}

@article{li-sh-sv-va:2007,
	author = {K. Lipnikov and M. Shashkov and D. Svyatskiy and Y. Vassilevski},
	journal = jcp,
	pages = {492--512},
	title = {Monotone finite volume schemes for diffusion equations on unstructured triangular and shape-regular polygonal meshes},
	volume = 227,
	year = 2007}

@article{aa-ei-ma-no:2008,
	author = {I. Aavatsmark and G. T. Eigestad and B. T. Mallison and J. M. Nordbotten},
	journal = nmpde,
	number = 5,
	pages = {1329--1360},
	title = {A compact multipoint flux approximation method with improved robustness},
	volume = 24,
	year = 2008}

@inproceedings{he-hu:2008,
	author = {Rapha\`ele Herbin and Florence Hubert},
	booktitle = {{F}inite {V}olumes for {C}omplex {A}pplications {V} : {P}roblems and {P}erspectives},
	editor = {Robert Eymard and Jean-Marc H\`erard},
	pages = {659--692},
	publisher = {Wiley},
	series = {ISTE},
	title = {Benchmark on discretization schemes for anisotropic diffusion problems on general grids},
	year = 2008}

@article{li:2010,
	author = {Meng-Sing Liou},
	journal = {Defence Science Journal},
	month = {November},
	number = 6,
	pages = {606--613},
	title = {The Evolution of AUSM Schemes},
	volume = 60,
	year = 2010}

@article{no-be-da-gi-al-mi:2012,
	author = {A. Nonaka and Bell, John B. and Marcus S. Day and C. Gilet and Ann S. Almgren and Michael L. Minion},
	journal = ctm,
	number = 6,
	pages = {1053--1088},
	title = {{A deferred correction coupling strategy for low Mach number flow with complex chemistry}},
	volume = 16,
	year = 2012}

@article{zh-jo-co:2012,
	author = {Qinghai Zhang and Hans Johansen and Phillip Colella},
	journal = sisc,
	number = 2,
	pages = {B179-B201},
	title = {{A fourth-order accurate finite-volume method with structured adaptive mesh refinement for solving the advection-diffusion equation}},
	volume = 34,
	year = 2012}

@inproceedings{wi-ho-ko-sm-el:2001,
	author = {A. M. Wissink and R. D. Hornung and S. R. Kohn and S. S. Smith and N. S. Ellion},
	booktitle = {Proceedings of Supercomputing, ACM/IEEE 2001 Conference},
	month = {Nov. 10-16},
	publisher = {ACM/IEEE},
	title = {{Large scale parallel structured AMR calculations using the SAMRAI framework}},
	year = 2001}

@article{du-gr-ro:2000,
	author = {Alok Dutt and Leslie Greengard and Vladimir Rokhlin},
	journal = BIT,
	number = 2,
	pages = {241--266},
	title = {Spectral deferred correction methods for ordinary differential equations},
	volume = 40,
	year = 2000}

@article{so-sh-ve:1997,
	author = {B. P. Sommeijer and L. F. Shampine and J. G. Verwer},
	journal = {J. of Computational and Applied Mathematics},
	number = {2},
	pages = {315--326},
	title = {{RKC}: {A}n explicit solver for parabolic {PDE}s},
	volume = 88,
	year = 1997}

@article{sh-so-ve:2006,
	author = {L. F. Shampine and B. P. Sommeijer and J. G. Verwer},
	journal = {J. of Computational and Applied Mathematics},
	pages = {485--497},
	title = {{IRKC}: {A}n IMEX solver for stiff diffusion-reaction {PDE}s},
	volume = 196,
	year = 2006}

@article{ab:2002,
	author = {Assyr Abdulle},
	journal = sisc,
	number = 6,
	pages = {2041--2054},
	title = {Fourth order {C}hebyshev methods with recurrence relation},
	volume = 23,
	year = 2002}

@article{ke-ma-ru:2013,
	author = {David I. Ketcheson and Colin B. MacDonald and Steven J. Ruuth},
	journal = {arXiv},
	title = {{Spatially Partitioned embedded Runge-Kutta methods}},
	year = 2013}

@article{hu-ke-sa:2013,
	author = {Willem Hundsdorfer and David I. Ketcheson and Igor Savostianov},
	journal = {arXiv},
	title = {{Error Analysis of explicit partitioned Runge-Kutta schemes for conservation laws}},
	year = 2013}

@article{sa-hu-ve:2006,
	author = {Valeriu Savcenco and Willem Hundsdorfer and J. G. Verwer},
	journal = BIT,
	pages = {137--155},
	title = {A multirate time stepping strategy for stiff ordinary differential equations},
	volume = 47,
	year = 2007}

@article{co-sa:2007,
	author = {E. M. Constantinescu and A. Sandu},
	journal = jsc,
	number = 3,
	pages = {239--278},
	title = {Multirate timestepping methods for hyperbolic conservation laws},
	volume = 33,
	year = 2007}

@article{na-kn:2003,
	author = {H. H. Najm and O. M. Knio},
	journal = jsc,
	number = {1/2},
	pages = {263--287},
	title = {{Modeling Low Mach Number Reacting Flow with detailed chemistry and transport}},
	volume = 25,
	year = 2005}

@article{li-ca-po-le:2014,
	author = {Jing-Rebecca Ling and Donna Calhoun and Cyril Poupon and Denis Le Bihan},
	journal = {Physics in Medicine and Biology},
	month = {January},
	number = {2},
	pages = {441--454},
	title = {Numerical simulation of diffusion {MRI} signals using an adaptive time-stepping method},
	volume = {59},
	year = 2014}

@article{bu-wi-gh:2011,
	author = {Carsten Burstedde and Lucas C. Wilcox and Omar Ghattas},
	journal = sisc,
	number = {3},
	pages = {1103--1133},
	title = {{p4est: Scalable Algorithms for Parallel Adaptive Mesh Refinement on Forests of Octrees}},
	volume = {33},
	year = {2011}}

@article{sc-de-ma:2012,
	author = {Hans F. Schwaiger and Roger P. Denlinger and Larry G. Mastin},
	journal = jgr,
	number = {B04204},
	title = {{Ash3d : A finite-volume, conservative, numerical model for ash transport and tephra deposition}},
	volume = 117,
	year = 2012}

@article{la-fo-he-ma:2012,
	author = {Baerbel Langmann and Arnau Folch and Martin Hensch and Volker Matthias},
	journal = {{Atmospheric Environment}},
	pages = {1--8},
	title = {{Volcanic ash over Europe during the eruption of Eyjafjallaj\"okull on Iceland, April-May 2010}},
	volume = {48},
	year = {2012}}

@article{be-de-hi-ri:2000,
	author = {J\"orn Behrens and K. Dethloff and W. Hiller and A. Rinke},
	journal = mwr,
	pages = {2976--2982},
	title = {Evolution of Small-Scale Filaments in an Adaptive Advection Model for Idealized Tracer Transport},
	volume = 128,
	year = 2000}

@article{bo:2008,
	author = {John Boyd},
	journal = {SIAM News},
	month = {November},
	number = 9,
	title = {{Multiscale Numerical Algorithms for Weather Forecasting and Climate Modeling: Challenges and Controversies}},
	volume = 41,
	year = 2008}

@article{ko-so-eg-ta-ko-ta-sa-ha:2011,
	author = {Kazuhiko Komatsu and Takashi Soga and Ryusuke Egawa and Hiroyuki Takizawa and Hiroaki Kobayashi and Shun Takahashi and Daisuke Sasaki and Kazuhiro Nakahashi},
	journal = {Computers and Fluids},
	number = 1,
	pages = {122-128},
	title = {{Parallel processing of the Building-Cube Method on a GPU platform}},
	volume = 45,
	year = 2011}

@article{ul-ja-va:2010,
	author = {Paul A. Ullrich and Christiane Jablonowski and Bram van Leer},
	journal = jcp,
	pages = {6104--6134},
	title = {High-order finite volume methods for the shallow-water equations on the sphere},
	volume = 229,
	year = 2010}

@misc{sharpclaw,
	author = {David I. Ketcheson},
	howpublished = {{\url{http://web.kaust.edu.sa/faculty/davidketcheson/sharpclaw}}},
	title = {SharpClaw}}

@techreport{ke-ca:2001,
	author = {Christopher A. Kennedy and Mark H. Carpenter},
	institution = {NASA},
	number = {NASA/TM-2001-211038},
	title = {Additive Runge-Kutta schemes for convection-reaction-diffusion equations},
	year = 2001}
